3168 5140
393 483 467 564 nni
679 481 717 546 L.
745 477 922 548 ANNAEI
950 478 1167 550 SENECAE

447 612 566 682 Sitinnt
587 635 786 680 cruorem...
801 613 909 682 Sensit
924 613 1078 681 introitus
1096 627 1171 682 tuos

444 721 596 804 Domus,
615 732 648 786 et
664 715 810 787 nefando
825 731 896 788 tote
911 732 1067 788 contactu
1084 717 1225 788 horruit.

446 825 567 894 Actum
583 838 634 893 est
648 823 780 894 abunde
794 850 802 891 :
818 824 957 919 gradere
971 823 1013 894 ed
1030 823 1177 894 infernos
1190 847 1326 919 specus,
1419 857 1453 893 ns

447 930 654 1023 Amnemque
673 945 790 1000 notum
807 930 896 1024 :jem
914 945 1009 1002 hrum
1028 945 1153 1000 moeste
1170 930 1289 1026 pedem

446 1037 556 1124 Terras
574 1051 770 1130 grnvmtum
786 1038 912 1121 cernis,
931 1051 969 1107 ut
986 1035 1093 1106 fontes
1111 1034 1219 1132 liquor

449 1143 616 1211 Introrsus
637 1156 730 1212 actus
750 1140 892 1238 linquat,
910 1158 950 1213 ut
970 1145 1049 1240 ripn
1070 1157 1208 1228 vacent,

451 1249 644 1342 ventusque
664 1271 755 1317 rarus
773 1250 889 1343 igneus
909 1250 1015 1320 nubes
1036 1247 1143 1320 lereti

450 1350 602 1423 Pallescit
623 1354 730 1423 omnis
750 1353 864 1444 arbor,
881 1379 921 1425 ac
943 1355 1051 1426 nudus
1072 1357 1162 1424 stetit

449 1460 607 1555 Fugients
626 1483 728 1554 pomo
745 1483 874 1549 remus3
894 1475 928 1531 et
948 1463 1004 1557 qui
1025 1459 1182 1531 fluctibus

448 1563 543 1636 Illinc
564 1567 758 1662 propinquis
778 1565 924 1637 Isthmos
943 1581 1042 1661 etque
1063 1565 1152 1636 illinc
1176 1565 1302 1654 fremit,

398 1763 449 1817 pro
464 1745 571 1799 Cluent.
588 1763 646 1817 csp.
662 1763 713 1818 70,
724 1747 863 1800 crudelitate
882 1760 907 1799 et
995 1745 1455 1818 107.Cemn,urs0nos,ese1³ingn

399 1825 485 1878 coelen
494 1825 565 1894 [ιι-η’.
585 1823 626 1880 ld.
641 1821 692 1896 pro
705 1825 800 1892 Quint.
815 1845 839 1880 c.
861 1843 906 1893 tt,
951 1822 1183 1881 Poetsirlemillud
1192 1826 1220 1880 in
1230 1826 1457 1898 tusinpresense

394 1908 488 1973 serven
496 1917 522 1957 et
522 1905 588 1972 ferri
594 1907 705 1958 auaritia.
717 1905 785 1960 Plln.
799 1906 840 1970 X,
854 1905 907 1971 ³3,
951 1905 1077 1972 Tantulo,
1088 1905 1147 1960 fleri
1154 1944 1163 1972 ‚
1173 1903 1247 1978 quod
1260 1905 1332 1976 spud
1343 1905 1457 1970 inferos,

394 1986 459 2052 ferri
469 1985 542 2039 rabie.
685 1999 688 2009 '
951 1985 1050 2042 scilicet
1068 1987 1150 2039 lutere
1168 1985 1278 2052 fluvios,
1301 2003 1457 2042 marcescere

446 2070 507 2129 ιο4.
522 2065 650 2118 Contactu.
666 2063 729 2116 fleo
748 2063 847 2118 Seneca
868 2065 907 2118 vi·
952 2065 1074 2130 arbores,
1094 2065 1216 2138 refugere
1236 2065 1349 2120 fructus.
1365 2066 1410 2122 Sic
1430 2066 1456 2118 in

401 2145 482 2199 dettu
494 2163 526 2198 ex
538 2145 623 2198 veteri
636 2140 755 2216 quodem
771 2157 846 2214 poeta
863 2161 908 2198 ex-
952 2141 1045 2218 A'grm.
1057 2141 1205 2210 ⁵3‚educts
1214 2143 1455 2216 Thyssanous,

401 2224 538 2298 prmisse,
561 2224 589 2276 in
614 2241 669 2294 quo
690 2223 817 2276 Tantalus
835 2220 908 2288 (vid.
952 2225 1121 2298 fingittolem
1136 2224 1220 2278 serius
1238 2223 1316 2278 solito
1334 2243 1456 2299 surgere,

405 2305 463 2359 Cic.
485 2303 593 2356 Tuscul.
609 2303 667 2367 111,
685 2297 759 2364 sr):
778 2303 907 2366 «Nolite,
953 2305 1090 2358 trevirum
1109 2305 1186 2358 illum
1205 2304 1368 2376 conspiciat,
1386 2307 1457 2376 cujus
1563 2313 1565 2330 ⁴

402 2382 532 2456 hospites,
545 2381 579 2436 ed
597 2400 641 2436 me
657 2380 731 2436 edire
746 2381 817 2438 illico
831 2383 909 2450 istic,
953 2385 1018 2437 olim
1040 2383 1163 2438 convivio
1189 2383 1297 2439 territus
1316 2383 1344 2438 iu
1371 2395 1457 2438 ortum

403 2463 445 2517 Ne
459 2461 581 2534 contagio
602 2479 660 2518 meu
680 2461 772 2528 honis,
785 2463 910 2516 umbrave
952 2465 1096 2518 recesserit.

404 2541 473 2597 obsit
482 2545 584 2600 :Tanto
594 2543 634 2595 vis
642 2541 747 2596 sceleris
758 2541 786 2597 in
798 2561 910 2618 corpore
996 2563 1058 2614 109.
1068 2545 1097 2595 V
1093 2555 1204 2616 estusque
1212 2563 1290 2606 roras,
1298 2555 1348 2597 etc.
1358 2543 1459 2595 Aretois

404 2621 651 2694 haral-Plerique
660 2641 692 2675 ex
701 2622 780 2674 Ennii
792 2621 911 2695 Thyeste
954 2624 1010 2710 ipse
1023 2642 1077 2689 ner,
1090 2636 1117 2677 et
1131 2643 1213 2686 rare,
1236 2622 1256 2675 i.
1275 2641 1299 2675 e.
1319 2619 1458 2694 perlucide

404 2721 434 2756 es
449 2713 571 2782 excerpts
580 2714 683 2774 putent.
954 2711 982 2757 e't
995 2703 1085 2784 pluvis
1099 2720 1189 2760 stoue
1201 2703 1285 2755 nubes
1296 2713 1377 2756 vento
1393 2719 1459 2777 quo·

446 2781 508 2836 roi.
522 2784 611 2835 Actum
635 2793 671 2834 est
689 2781 791 2840 abundo
815 2782 912 2858 Erupit
954 2781 1016 2837 dum
1031 2783 1109 2859 igneo
1119 2780 1320 2845 feruntrrr.Quo
1330 2780 1459 2853 pleniores

406 2860 512 2915 abunde
522 2859 653 2934 quidquid
666 2879 911 2927 venenorum,sce·
954 2863 1026 2916 enim
1049 2881 1129 2934 eques
1160 2862 1244 2914 nubes
1267 2860 1405 2926 continet,
1429 2878 1459 2912 eo

404 2941 488 3006 lenis,
508 2937 576 3009 odii,
599 2942 625 2994 in
654 2939 842 3012 Pelopidsrum
862 2939 911 2995 dc·
955 2939 1461 3014 spissiorintutnescit300ntrc,quosic·

405 3039 478 3074 mum
502 3039 533 3074 er
562 3033 589 3074 te
613 3033 741 3094 presente
768 3034 910 3076 sentumm
955 3021 1012 3075 cior
1028 3034 1083 3088 est,
1099 3039 1131 3073 eo
1145 3019 1229 3076 levior
1244 3032 1272 3072 et
1284 3021 1371 3072 rodon
1387 3017 1460 3090 Virg.

404 3118 579 3172 speraveram·
957 3099 1130 3164 AEneirl.1ll‚
1147 3099 1223 3154 tos:
1241 3125 1252 3146 ι
1272 3098 1333 3164 Qun
1348 3117 1407 3154 mre
1424 3109 1460 3151 est

447 3184 508 3234 tofi.
524 3182 580 3233 lans
596 3193 676 3244 tuum,
693 3192 743 3234 etc.
760 3181 848 3232 Tuum
863 3197 912 3251 pe·
955 3181 1043 3245 acies,
1064 3178 1257 3250 interlucetque
1284 3195 1383 3232 corone
1402 3177 1459 3230 Non

406 3259 467 3315 deur
482 3273 641 3332 paventur,
654 3259 683 3313 id
694 3271 745 3324 est,
754 3272 780 3313 te
795 3277 863 3331 segre
874 3260 912 3313 fe·
957 3272 1010 3316 tntu
1021 3259 1101 3332 spisse
1113 3258 1186 3313 viris.
1197 3284 1208 3306 ι
1222 3257 1332 3312 tuost.
1347 3259 1375 3322 t,
1390 3261 1459 3328 744,

405 3353 470 3394 runt
476 3353 503 3394 et
510 3343 650 3394 sustinent.
658 3339 750 3393 llorst.
757 3341 808 3405 IV,
816 3337 877 3393 oda
886 3358 911 3402 1,
958 3359 994 3392 m
1004 3334 1274 3392 mollesetraroe.0vid.
1284 3338 1377 3394 Amor.
1389 3335 1434 3389 lib.
1441 3335 1462 3398 Ι,

406 3438 444 3474 vs.
460 3438 512 3490 sp:
525 3420 672 3492 -Pegssus,
688 3433 824 3472 terrenum
841 3419 913 3492 equi·
957 3421 1023 3492 eleg.
1035 3439 1065 3484 v,
1078 3437 1105 3472 r.
1125 3425 1169 3484 13,
1181 3437 1238 3470 reru
1250 3421 1342 3478 rmus,
1358 3427 1409 3470 etc.
1424 3445 1461 3458 -

406 3513 458 3553 tem
487 3513 611 3574 grsvmus
635 3493 877 3570 Bellerophontem.
898 3525 909 3545 ι
957 3500 1049 3553 Posses
1062 3511 1088 3552 et
1097 3497 1216 3572 occipere
1228 3515 1296 3548 mm
1308 3496 1462 3566 nubes‚pro

406 3579 441 3634 Et
461 3579 574 3643 Senecs,
596 3577 630 3632 de
652 3579 911 3644 Clementisl‚1r:
953 3598 1045 3651 paucas
1069 3577 1175 3645 nubes,
1196 3574 1269 3650 quod
1287 3572 1321 3630 sd
1334 3571 1461 3644 *eumdem

408 3660 447 3712 At
471 3659 538 3712 illum
564 3659 673 3712 aurbum
691 3671 716 3710 et
734 3661 913 3730 sanguinantem
956 3677 1064 3714 sensum
1079 3655 1463 3728 lmileredigeretunusroque

408 3757 499 3790 moeses
518 3750 554 3790 est
574 3750 704 3810 paremur
724 3742 848 3812 stipatores
867 3743 913 3790 sui.
957 3757 1011 3810 quo
1024 3737 1119 3792 siccior
1132 3754 1176 3790 ner
1186 3748 1238 3800 est,
1250 3753 1282 3788 eo
1296 3733 1463 3806 paucioribus

409 3817 451 3872 cf.
464 3831 490 3871 et
501 3817 572 3872 Suet.
585 3819 615 3872 in
629 3819 696 3891 Aug.
710 3835 733 3872 c.
749 3837 798 3892 γι,
809 3817 837 3870 in
850 3817 912 3871 Ner.
958 3817 1073 3872 nubibus
1085 3813 1250 3872 obtenditur.

396 3915 433 3950 -ο,
452 3898 505 3963 34,
523 3899 550 3950 in
565 3898 658 3954 Vitell.
674 3917 698 3952 c.
718 3917 762 3952 rs.
781 3897 812 3951 In
829 3897 871 3951 his
891 3909 917 3950 et
1004 3915 1066 3952 112.
1091 3897 1201 3950 Isthmos.
1223 3891 1411 3950 Corintlriscns
1431 3891 1464 3944 is·

411 3975 540 4030 similibus
551 3977 711 4032 subauditur
724 3976 917 4052 propositioni
962 3977 1051 4030 thmus
1059 4015 1066 4043 ,
1074 3977 1120 4056 qui
1135 3975 1347 4050 Peloponnesum
1360 3971 1466 4043 relique

409 4055 451 4108 rel
469 4070 575 4128 propter,
604 4059 738 4112 locutione
764 4078 794 4112 er
819 4055 918 4111 Grecis
961 4056 1070 4110 Grecise
1094 4055 1246 4122 connectit,
1274 4053 1339 4106 hinc
1371 4054 1465 4122 AEgecs

409 4150 548 4209 assumpte.
963 4135 1038 4189 illinc
1051 4135 1129 4189 lonio
1141 4136 1207 4188 meri
1220 4133 1346 4187 alluente.
