3240 5138
416 513 479 560 roo
699 493 738 558 L.
764 492 940 564 ANNlEI
966 493 1181 562 SENECAE

391 646 401 670 ⁴
461 605 611 718 Uterque
629 624 710 695 solio
729 626 901 710 dominus,
918 642 952 697 et
970 626 1047 696 duci
1062 627 1156 719 jubet
1171 653 1179 695 :

460 733 518 799 Me
539 756 671 825 quoque
690 734 815 828 petenti
831 757 951 802 munus
969 731 1092 802 Alcidae
1113 732 1214 802 dedit.

403 841 408 878 ³
460 841 554 906 Tunc
576 839 689 934 gravia
711 841 849 908 monstri
871 833 957 908 colle
977 836 1184 932 permulcens
1207 861 1307 908 manu

461 943 644 1012 Adamante
665 959 754 1014 texto
773 947 901 1014 vincit:
925 943 1046 1014 oblitus
1068 945 1118 1014 sui

463 1053 583 1119 Custos
601 1052 695 1145 opaci
712 1051 851 1145 pervigil
869 1053 962 1146 regni
977 1052 1067 1120 canis

462 1157 642 1251 Componit
661 1180 756 1226 aures
777 1157 928 1244 timidus,
950 1172 984 1226 et
1005 1158 1133 1252 patiens
1154 1156 1256 1242 trahi,
1433 1187 1471 1224 ιω

409 1362 545 1435 piendum.
561 1364 653 1435 Neque
663 1365 724 1418 Nic.
738 1363 847 1422 Heinsio
858 1366 917 1418 vul·
962 1366 1020 1429 VI,
1034 1366 1108 1429 618,
1126 1362 1219 1418 eodem
1234 1365 1352 1436 torqueri
1366 1367 1469 1436 snppli-

409 1457 495 1514 gstnm
505 1441 656 1515 repudienti
667 1443 867 1498 auscultandum
879 1463 918 1498 ar·
962 1445 1003 1498 cio
1014 1444 1125 1515 lingitur
1134 1445 1268 1507 Theseus,
1281 1464 1335 1516 quo
1351 1455 1469 1518 tempore

408 1524 554 1588 bitrsmnr,
568 1543 618 1576 nec
634 1523 752 1576 Badenio
771 1523 918 1578 retinendo
962 1527 1057 1577 AEnens
1072 1523 1105 1576 nd
1116 1524 1469 1596 menesdescentlit,qnsm-

409 1621 514 1656 causum
526 1602 658 1657 afferenti.
673 1604 734 1657 Non
748 1604 819 1656 enim
837 1605 918 1656 cedere
961 1605 1001 1657 vis
1012 1606 1045 1656 sb
1056 1605 1170 1657 Hercule
1178 1606 1233 1676 jem
1244 1603 1370 1657 liberatos
1380 1605 1468 1659 luerit.

410 1694 481 1734 anuo
494 1696 520 1736 et
533 1683 617 1735 multo
633 1683 715 1754 megin
732 1695 801 1736 arou
815 1696 864 1747 toto
879 1703 917 1735 ce·
962 1684 1061 1736 Contra
1087 1684 1182 1736 Noster
1202 1696 1330 1737 memoret
1349 1697 1469 1754 rogatum

410 1763 465 1814 dere
482 1781 532 1834 pro
551 1783 576 1814 se
593 1767 694 1831 recipere
711 1767 736 1815 in
755 1775 849 1815 antrum
863 1762 918 1817 dici
962 1764 995 1814 nb
1011 1763 1125 1816 Hercule
1138 1765 1281 1816 Plutonem
1294 1776 1325 1816 nt
1336 1765 1469 1818 Theseum

409 1841 654 1913 possejudicamus.
663 1843 737 1896 Alius
748 1856 786 1895 est
794 1843 821 1895 in
829 1861 919 1914 prom·
961 1843 1105 1908 liberaret,
1127 1845 1248 1896 annuisse
1270 1844 1379 1914 petenti.
1404 1845 1470 1898 uem

409 1934 570 1993 ptusensus‚
583 1941 680 1993 nempe
688 1923 834 1975 Cerberum
842 1935 918 1975 antro
962 1922 1039 1975 aliter
1057 1934 1147 1975 narrat
1167 1921 1360 1992 Apollodorus,
1375 1924 1414 1985 11,
1431 1923 1469 1978 5:

409 2021 458 2054 sno
473 2000 575 2072 egredi,
592 2013 620 2055 et
633 2003 667 2055 ab
683 2014 831 2073 expugnata
843 2001 919 2073 qussi
962 2003 1048 2058 Θησέα
1062 1994 1130 2072 eripe,
1148 2002 1189 2055 καὶ
1201 2004 1321 2073 [terpiton
1331 2041 1337 2054 .
1403 2010 1469 2057 Θεο-

410 2099 470 2135 arce
491 2099 536 2133 sun
558 2080 660 2134 cedere.
685 2081 759 2152 Saepc
781 2081 809 2134 in
830 2081 918 2134 latinis
962 2079 1105 2152 eripiendi
1121 2072 1470 2154 ilpeete'mdezeipcedpe·

409 2161 584 2233 scriptoribus
604 2161 686 2213 cedere
705 2173 780 2213 sonat
796 2159 867 2214 idem
887 2179 917 2214 sc
960 2180 1015 2230 γον,
1035 2164 1066 2222 ὣς
1083 2161 1275 2234 ἀναστησόμενοι
1291 2158 1334 2214 διὰ
1352 2167 1395 2224 τῆς
1411 2164 1470 2218 ἐκεί-

410 2245 490 2303 exire,
505 2240 602 2310 egredi,
619 2240 690 2292 utin
703 2240 795 2293 Horat.
809 2242 853 2306 Π,
871 2239 916 2294 od.
959 2259 999 2292 νον
1016 2240 1082 2306 βίας.
1096 2232 1157 2294 (ldl
1168 2245 1254 2298 Ousia
1266 2242 1324 2313 pis,
1336 2241 1470 2313 λαῧόμενος

413 2321 445 2384 3,
459 2339 484 2372 ν.
501 2339 553 2390 17:
573 2345 584 2366 ι
601 2317 686 2372 Cedes
702 2320 830 2392 coemptis
845 2320 916 2373 salti-
961 2324 1004 2380 τῆς
1020 2323 1112 2392 mles
1133 2323 1223 2392 ἥγνιρι.
1239 2321 1315 2374 Cous.
1336 2321 1411 2376 Suid.
1427 2318 1470 2384 (v.

410 2399 476 2464 bus,
492 2412 519 2452 et
532 2396 630 2465 domo,
643 2399 783 2471 Villoque,
797 2413 866 2452 etc.»
882 2401 918 2454 Et
960 2396 1177 2466 Aincselschol.
1186 2399 1356 2472 Aristophsn.
1366 2397 1470 2473 (Equis.

411 2480 469 2533 Cic.
485 2497 536 2550 pro
548 2479 606 2531 Mil.
621 2476 656 2532 25
668 2496 674 2531 :
686 2478 736 2532 Noe
746 2483 789 2530 iste
800 2480 867 2532 land
875 2480 918 2532 du·
961 2498 986 2532 ν.
1000 2479 1072 2533 1355
1081 2473 1106 2546 l,
1115 2480 1236 2551 etHeyn.
1249 2493 1306 2534 not.
1319 2479 1354 2534 ed
1363 2480 1470 2534 AEneid.

410 2559 488 2611 ditans
507 2562 613 2620 cessisset
626 2561 716 2628 putria.
736 2556 857 2623 Quadrst
870 2578 917 2612 ou·
962 2559 1019 2624 Vl,
1039 2563 1105 2630 617,

410 2652 464 2690 tem
486 2650 535 2689 toto
554 2655 614 2689 cum
635 2651 726 2690 nostro
747 2656 840 2704 seusn;
853 2639 917 2692 visti
997 2642 1058 2688 808.
1079 2639 1220 2688 Adamaute
1244 2652 1321 2692 resto.
1345 2637 1472 2710 Intelligit

410 2717 483 2768 enirn
498 2731 536 2770 est
548 2730 575 2770 et
585 2717 684 2769 victum
694 2735 722 2769 se
734 2718 840 2770 fetentis
856 2721 917 2770 nul·
960 2715 1106 2768 Fornsbius
1119 2728 1239 2769 catenam
1252 2736 1267 2770 e
1279 2716 1364 2770 solido
1379 2719 1469 2778 ferro,

409 2797 461 2850 lam
485 2791 553 2850 sedis
572 2815 625 2848 sure
647 2809 749 2867 portem
769 2799 824 2868 jem
850 2801 918 2852 tueri
961 2795 1037 2865 quusi
1049 2793 1172 2858 adamus,
1185 2814 1289 2866 prosus
1301 2795 1473 2868 duritie‚per

409 2895 510 2947 suaque
535 2875 624 2928 omnio
647 2887 781 2948 totumque
808 2875 917 2930 domurn
962 2873 1157 2926 translationem
1170 2873 1474 2947 durissimaqnncpresi·

407 2953 626 3010 victoritrodere.
962 2951 1138 3022 gnificet.Sed
1148 2953 1472 3024 proprieVirg.AE11.V1,

449 3034 514 3090 805.
532 3035 643 3108 Uterque.
659 3033 756 3087 Pluton
772 3046 799 3087 et
810 3036 918 3090 Proser·
964 3031 1013 3086 552
1033 3050 1040 3084 :
1059 3031 1231 3108 «solidoque
1262 3032 1402 3087 adamante
1427 3055 1473 3087 co·

408 3115 480 3187 pino.
501 3148 542 3158 —
559 3115 627 3166 Daci
636 3113 713 3184 jubet.
730 3113 850 3168 Juridics
864 3116 918 3169 lor·
961 3110 1090 3163 lumnaee·
1111 3113 1145 3163 Et
1165 3110 1245 3165 Ovld·
1264 3113 1373 3165 Melam·
1397 3113 1473 3176 Vll·

408 3196 495 3259 mula,
510 3206 539 3247 ut
554 3194 656 3248 notavit
669 3194 777 3256 nenio,
792 3193 918 3249 eracleos
962 3194 1032 3251 410:
1045 3191 1112 3242 «Est
1125 3190 1168 3243 vis
1181 3189 1304 3252 declivis.
1322 3211 1370 3264 per
1388 3212 1472 3264 quam

407 3274 545 3345 pertinens
561 3274 608 3345 qui
628 3286 740 3345 propter
754 3293 787 3326 ses
802 3274 918 3327 alienum
961 3269 1114 3342 Tirynthius
1124 3270 1202 3323 heros
1211 3273 1358 3324 Restantem
1368 3285 1474 3325 contre·

408 3353 586 3407 creditoribus
602 3353 656 3406 suis
675 3351 851 3417 addicuntur,
868 3353 917 3407 do·
961 3349 1096 3420 que'diem
1109 3349 1250 3423 radiosque
1264 3352 1392 3406 micantes
1402 3353 1474 3405 Obli-

314 3431 315 3434 ’
407 3453 457 3486 nec
472 3432 561 3486 dehita
574 3433 684 3486 solvant.
699 3429 762 3485 vid.
776 3431 867 3487 senec.
883 3433 917 3488 de
960 3441 1085 3499 quantem
1110 3430 1217 3493 oculos,
1238 3431 1309 3484 nexis
1330 3430 1474 3486 adamante

408 3511 461 3578 ira,
479 3514 513 3574 l,
534 3515 579 3565 16.
598 3513 671 3564 Nar.
688 3510 760 3582 apud
779 3512 863 3566 Cicer,
882 3511 917 3566 de
960 3509 1218 3571 cannh‚Ccrheron
1230 3510 1474 3578 abstraxil,rablda

409 3604 476 3645 orat·
487 3592 532 3654 11,
548 3591 593 3644 63.
605 3591 664 3643 [ἰν.
674 3591 731 3653 VI,
748 3609 789 3644 so.
960 3587 1007 3657 qui
1029 3589 1148 3642 concitus
1171 3589 1210 3642 ire
1230 3590 1352 3661 Implevit
1369 3591 1476 3661 pariter

352 3673 360 3694 ‘
448 3671 514 3724 806.
526 3669 568 3722 Me
580 3689 678 3744 quoque.
694 3671 813 3724 Theseus
825 3673 915 3736 enim,
960 3667 1043 3719 ternis
1055 3667 1190 3721 latratibus
1205 3669 1380 3722 auruncus
1395 3671 1475 3742 igitur

406 3747 529 3801 Pirithoo
544 3749 699 3814 comitante,
713 3749 747 3805 ud
761 3749 914 3820 rapiendam
960 3763 1015 3796 ¹¹0ss
1027 3757 1148 3816 putem
1160 3760 1186 3800 et
1195 3747 1321 3802 Senecam
1330 3752 1441 3820 proprie
1450 3761 1476 3802 et

405 3827 608 3896 Proserpinam,
618 3829 717 3882 inferos
732 3842 915 3902 penetraverat
958 3823 1013 3875 sine
1025 3823 1196 3878 translatione
1205 3825 1256 3878 hoc
1269 3825 1328 3879 loco
1338 3831 1477 3880 adornante

406 3903 480 3967 (vicl.
493 3906 569 3976 Virg.
584 3911 645 3960 AEn.
658 3910 712 3966 vt,
729 3911 783 3978 39²
795 3949 803 3976 ,
813 3923 839 3962 et
849 3911 913 3964 Stat,
958 3901 1198 3974 adhibuissetque
1212 3903 1321 3975 quidem
1342 3906 1476 3980 interpre-

405 3985 492 4038 Theb.
509 3986 590 4051 vm,
609 3985 671 4052 502).
686 3992 709 4048 A
724 3989 839 4042 Plutone
851 4009 913 4044 vero
958 3983 1022 4042 totio
1042 3983 1295 4053 magnificentiorem
1315 3985 1436 4038 fabulum
1452 3999 1476 4039 et

405 4077 523 4118 retentus
535 4077 588 4130 est,
600 4077 626 4118 et
635 4083 712 4134 sexo,
724 4069 767 4122 cui
779 4069 860 4122 lnssus
872 4071 914 4123 in·
958 4061 1103 4132 digniorem
1112 4063 1231 4115 ⁴Hercule
1247 4065 1319 4118 facit

405 4143 522 4211 sederat,
539 4145 741 4216 applicatus,1n
758 4149 834 4218 Virg,
851 4153 911 4201 ΕΠ,
993 4133 1054 4193 8ιοῖ
1064 4146 1279 4209 Componieaures.
1289 4146 1387 4207 Aures,
1398 4159 1477 4199 anteo
