3090 5142
77 515 1168 560 mmmmmmmuuwmmdummm

3 671 4 676 Ὗ
82 738 491 848 tonsurus
534 745 774 853 tslcn
819 745 1164 867 Pontem

242 995 310 1066 DE
335 997 626 1072 AUCTORIBUS
650 998 1020 1080 TRAGOEDIARUM

160 1191 210 1237 ΔΙ)
237 1193 272 1238 V.
298 1193 352 1242 ct.
376 1195 523 1244 PETRUM
549 1197 763 1249 scntvuntuts
792 1203 1091 1258 PROLEGOMENON.

488 1391 774 1422 *—

91 1565 193 1695 Qun
204 1599 273 1680 jam
285 1602 382 1684 olim,
396 1601 533 1667 Scriveri
546 1603 736 1686 clarissime,
748 1591 789 1670 ad
803 1605 957 1673 Senecam
969 1595 1162 1701 ngicum,

92 1705 225 1786 adjutus
243 1697 503 1798 Cantabrigiensi
522 1709 590 1776 MS.
618 1725 650 1774 et
668 1733 758 1776 nunc
782 1711 952 1779 occasione
967 1716 1087 1783 codicis
1102 1721 1162 1784 Ba·

92 1811 225 1894 siniani,
237 1813 296 1900 qui
313 1835 413 1901 penes
425 1835 478 1877 me
491 1813 559 1878 MS.
574 1813 730 1898 similiter,
745 1817 913 1902 annotavi,
932 1819 991 1884 tibi
1005 1843 1042 1885 ee
1053 1825 1163 1890 omnia

94 1917 124 1979 in
142 1939 250 1981 unum
266 1919 401 1984 collecta
417 1919 556 2003 fascem,
570 1919 738 2006 quomodo
754 1921 901 2009 proxime
917 1925 1078 2015 pollicitus
1095 1929 1164 2012 tui,

94 2023 201 2104 mitto,
220 2023 377 2104 adjuncto
394 2024 512 2089 eodem
530 2025 586 2089 illo
603 2023 714 2090 codice
732 2049 817 2091 meo.
838 2027 902 2091 Sed
920 2047 953 2094 et
970 2033 1162 2099 sententiam

95 2151 195 2192 meent
210 2131 424 2218 promiseram
439 2128 480 2194 de
498 2131 686 2195 auctoribus
704 2131 948 2221 tragaediarum,
963 2158 1035 2223 quae
1049 2139 1085 2205 L.
1099 2139 1162 2204 An·

97 2255 161 2298 naeo
174 2235 306 2300 Senecae
316 2235 415 2325 vulgo
427 2236 628 2301 tribuuntur.
641 2237 689 2301 De
699 2236 749 2301 his
763 2261 861 2326 quam
878 2239 1000 2305 diversa
1019 2243 1084 2308 sint
1099 2247 1157 2311 aeri
1181 2291 1183 2296 -
1220 2221 1223 2232 ¹

96 2341 193 2404 nostri
214 2363 421 2406 summorum
437 2342 583 2422 virorum
605 2339 742 2424 judicia,
770 2365 838 2407 non
858 2344 997 2434 ignoras.
1015 2347 1160 2416 Clarissi-

96 2470 162 2510 mus
174 2449 291 2512 Iustus
302 2448 430 2537 Lipsius
444 2470 545 2536 quum
553 2448 696 2536 primum
708 2448 742 2512 in
757 2470 829 2513 eum
837 2451 1030 2516 sententiam
1043 2452 1175 2521 disces-¹.

94 2552 204 2634 sisset,
234 2570 275 2618 ut
298 2569 455 2619 statueret
479 2575 549 2618 esse
579 2549 749 2641 plerusque
773 2555 890 2620 Annei
916 2555 1063 2641 Senecae,
1098 2583 1159 2627 nec

95 2674 198 2722 umen
212 2658 422 2747 Philosophi,
438 2681 478 2722 eo
491 2657 571 2722 abiit
585 2673 641 2733 ut,
658 2680 723 2721 una
737 2675 869 2749 excepta
884 2655 1013 2746 Medea,
1026 2681 1155 2732 caeteras

92 2761 129 2826 ad
141 2764 318 2852 imperium
333 2763 479 2846 Trajani,
492 2779 549 2827 aut
562 2761 645 2826 infre
658 2764 774 2846 etiarn,
788 2764 943 2844 rejiceret,
963 2767 1098 2834 Fundus
1112 2772 1159 2836 illi

93 2867 227 2947 hujusce
237 2867 403 2957 opinionis
414 2868 628 2933 Terentianus
637 2867 798 2956 precipue
811 2867 884 2952 fuit,
899 2869 1021 2959 qui‚de
1032 2875 1158 2964 tragicis

92 2997 202 3064 agens,
216 2974 458 3063 ostendensque
475 2972 608 3062 quinam
627 2973 784 3040 inchoris
806 2973 983 3064 dactylicos
1005 2994 1158 3046 tetrame-

93 3096 155 3144 tms
170 3097 231 3146 aut
244 3082 344 3171 primi
362 3097 419 3146 aut
433 3103 501 3170 pree
515 3079 637 3144 ceteris
652 3079 854 3162 junxissent,
879 3082 924 3146 ita
940 3083 1026 3148 inter
1044 3103 1157 3151 caetcra

92 3185 261 3274 loquitur:

229 3323 266 3376 ln
277 3322 380 3394 tragicis
389 3324 499 3395 junxere
510 3321 597 3376 choris
612 3322 687 3374 hunc
701 3339 770 3394 sepe
783 3320 875 3375 diserti

229 3413 348 3464 Annuus
359 3411 459 3465 Seneca
472 3421 497 3463 et
508 3409 671 3484 Pomponius
685 3421 747 3463 ante
761 3407 908 3463 Secundus.

88 3566 223 3656 Collegit
238 3567 328 3630 enim
341 3565 380 3630 iis
395 3589 435 3630 ex
449 3567 575 3650 verbis,
590 3566 763 3657 Tragicum
779 3565 825 3630 ibi
840 3566 995 3631 Senecam
1008 3567 1156 3637 Philoso-

89 3673 153 3759 pho
164 3673 334 3752 juniorem
354 3695 444 3754 csse,
458 3689 491 3738 et
501 3673 575 3738 ideo
586 3695 605 3738 a
618 3671 814 3739 Terentiano
829 3672 1044 3761 posteriorem
1058 3680 1155 3741 statui

91 3778 287 3867 Pomponio,
306 3779 383 3866 qui,
397 3793 435 3841 ut
451 3801 490 3843 ex
502 3779 604 3844 Fabio
622 3795 766 3863 constat,
785 3779 901 3844 eodem
920 3802 996 3845 cum
1008 3779 1156 3847 Philoso-

88 3879 173 3966 pho,
198 3879 328 3947 Claudii
351 3881 507 3946 nimirum
531 3898 564 3948 et
586 3881 726 3947 Neronis
755 3903 841 3964 tero,
864 3879 988 3946 claruit.
1012 3883 1055 3946 Et
1075 3883 1154 3968 hoc,

87 4001 243 4073 qnantum
261 4009 401 4068 censeo,
419 3987 669 4077 suppeditaverit
689 3989 718 4052 ei
736 3987 851 4052 vocula
875 3987 928 4051 illa
949 4002 1040 4069 ante,
1063 3993 1154 4075 quasi

87 4111 160 4158 nota
173 4099 316 4174 διυριτικὴ
336 4111 368 4159 et
384 4094 451 4158 rim
467 4093 669 4160 discernendi
685 4093 829 4177 habeus,
846 4095 960 4184 posite.
979 4095 1021 4160 At
1041 4111 1152 4160 contra
