3240 5138
361 471 408 550 do
650 469 687 534 L.
713 467 891 536 ANNAEI
916 467 1133 538 SENECAE

412 603 456 668 Et
477 625 575 668 omne
597 598 755 693 quidquid
778 599 870 668 uberi
891 601 991 694 cingit
1013 597 1083 670 solo
1173 621 1175 628 “

413 704 557 800 Obliquat
578 705 715 793 Phocis,
735 704 894 799 quidquid
910 709 1057 776 Ismenos
1079 707 1183 800 rigat,

412 810 582 905 Quidquid
603 810 771 880 Cithaeron
789 813 912 880 vertice
929 810 1057 880 excelso
1072 811 1181 901 videt,

412 921 456 987 Et
472 919 550 986 bina
571 915 699 986 findens
719 916 864 986 Isthmos
883 915 974 988 exilis
992 916 1093 1002 freta,

412 1027 489 1093 Nou
511 1039 623 1093 vetera
641 1012 754 1118 paitriae
771 1022 849 1115 jura
865 1022 1017 1117 possideo
1037 1022 1156 1092 domus

412 1133 556 1224 Ignarus
577 1130 674 1199 heres
693 1155 700 1196 :
719 1126 845 1198 nobiles
867 1153 935 1198 uon
957 1142 1033 1199 sunt
1051 1129 1132 1198 mihi

411 1238 491 1323 Avi,
508 1260 570 1304 nec
589 1233 663 1304 altis
680 1232 840 1327 inclytum
860 1231 962 1302 titulis
980 1257 1101 1326 genus,

366 1343 369 1350 ’
412 1341 477 1410 Sed
496 1341 584 1410 clara
602 1342 728 1410 virtus:
746 1339 802 1432 qui
823 1362 925 1434 genus
943 1341 1044 1432 jactat
1061 1363 1177 1426 suum,

411 1447 526 1518 Aliena
543 1445 664 1515 laudat.
686 1446 794 1539 Rapta
816 1443 874 1514 sed
894 1444 1020 1539 trepido
1042 1468 1143 1516 manu

356 1649 472 1718 Regnum
483 1645 534 1698 hoe
544 1645 702 1698 Thebanum
715 1681 723 1706 ,
737 1654 867 1714 quantum
910 1661 968 1714 que
979 1643 1085 1698 Grecite
1095 1646 1244 1700 connectit:
1259 1645 1355 1700 dicitur
1370 1647 1421 1700 exi-

356 1723 525 1788 extenditur,
555 1743 608 1776 non
630 1721 789 1776 hereditario
807 1727 867 1788 jure
909 1723 959 1789 lis,
981 1725 1074 1796 utqui
1096 1725 1221 1796 angustiis
1241 1743 1286 1779 sex
1306 1725 1419 1779 millium

355 1805 475 1858 obtineo:
486 1814 562 1877 parta
570 1802 666 1854 virtute
674 1819 731 1856 mea
741 1811 794 1864 est,
808 1819 866 1872 quse
909 1805 1027 1875 AEgaeum
1040 1822 1113 1858 mare
1124 1805 1159 1857 ab
1172 1805 1248 1859 Ionio
1257 1805 1399 1877 disjungat.

355 1897 409 1937 tam
433 1884 485 1936 late
502 1893 574 1955 patet
592 1893 617 1934 et
637 1893 708 1933 tanta
728 1879 865 1952 regionum
945 1883 1007 1945 340.
1027 1887 1074 1949 Qui
1086 1904 1177 1953 genos,
1196 1897 1246 1939 etc.
1264 1885 1355 1939 Senec.
1372 1905 1415 1958 ep.

354 1962 643 2039 spatiacomplectitun
657 1972 781 2034 potestas.
910 1966 944 2025 44
973 1980 980 2015 :
1011 1967 1068 2014 Non
1088 1965 1160 2030 facit
1189 1967 1293 2016 nobilem
1329 1968 1419 2018 arrium

391 2045 450 2108 334.
476 2045 581 2110 obliqua
604 2043 700 2092 Phocis.
723 2037 865 2093 Credidere
904 2042 1005 2106 plenum
1015 2045 1122 2113 firmosr's
1136 2047 1299 2114 irrrngirribin5
1312 2048 1417 2096 rremoirr

354 2125 434 2176 Farn.
453 2135 478 2176 et
499 2120 588 2174 Dehio
607 2117 724 2173 Phocida
741 2121 866 2186 obliquam
909 2135 1017 2172 nostram
1024 2125 1131 2190 gloriam
1140 2126 1221 2184 viluit,
1235 2127 1418 2192 neoqoodarrte

355 2201 427 2266 dici,
447 2213 554 2273 propter
573 2199 712 2254 sinuosum
725 2197 807 2262 iitns3
828 2195 865 2248 in·
910 2217 954 2250 nos
965 2203 1020 2269 snit
1043 2216 1151 2253 nostrum
1175 2216 1216 2253 ese.
1235 2200 1299 2254 vid.
1320 2201 1417 2256 Juven.

355 2280 535 2342 considerato,
548 2291 577 2331 ut
590 2277 655 2329 mihi
665 2275 783 2338 videtur,
793 2274 865 2347 judi·
910 2288 959 2330 sat.
967 2279 1049 2344 vm;
1059 2279 1122 2332 Sall.
1131 2281 1148 2332 J
1149 2279 1254 2352 ugurth.
1263 2279 1296 2332 85
1306 2299 1314 2343 ;
1324 2281 1416 2334 Seneo.

353 2361 404 2413 cio.
412 2361 453 2414 Sic
462 2357 660 2430 intelligendum
667 2355 755 2428 potius
763 2367 864 2428 putem,
913 2363 1008 2430 ep.44;
1018 2357 1097 2412 Ovid.
1107 2359 1172 2412 Met.
1180 2359 1260 2424 XIII,
1273 2365 1336 2423 140,
1350 2370 1402 2413 etc.

354 2438 423 2492 latus
432 2438 609 2508 Boeotiae‚qua
621 2435 650 2486 iu
660 2433 832 2488 Occidentem
840 2444 866 2486 et
945 2437 1006 2500 341.
1019 2443 1099 2506 liopto
1106 2441 1161 2500 sed,
1173 2451 1221 2492 etc.
1232 2437 1273 2492 Sic
1285 2437 1415 2510 intellige:

296 2538 299 2550 ·
352 2517 560 2589 Septentrionem
579 2515 730 2586 procurrit,
749 2511 865 2566 Phocide
908 2515 1036 2581 Quamvis
1056 2517 1151 2568 fortius
1169 2517 1201 2570 sit
1218 2529 1243 2570 et
1264 2519 1415 2588 preclarius

353 2598 460 2669 oblique
473 2597 560 2668 cingi3
573 2610 653 2666 quam
672 2594 864 2664 interpretatio·
908 2605 1063 2666 potestatem
1089 2597 1189 2668 regiam
1215 2615 1296 2649 mauu
1318 2614 1364 2648 sua
1390 2609 1416 2649 et

353 2697 414 2730 nem
427 2695 458 2729 ex
469 2676 587 2728 locorum
601 2672 771 2744 dispositione
787 2673 865 2726 facile
908 2674 1014 2747 propria
1027 2673 1122 2727 virtute
1136 2675 1322 2747 occupavisse,
1335 2695 1415 2747 quarn

353 2757 482 2810 intuleris.
496 2757 561 2808 Tres
574 2751 864 2826 eniur'l'heliauiregui
908 2752 1093 2807 hereditariam
1120 2753 1273 2826 accepisse,
1301 2767 1415 2809 attamen

348 2847 439 2908 partes
456 2825 602 2905 designavit
615 2833 715 2885 Seneca
725 2850 733 2894 ;
744 2831 810 2884 duas
823 2852 865 2885 ex·
907 2845 1019 2904 potestas
1037 2833 1063 2884 vi
1079 2843 1153 2904 rnptu
1173 2833 1280 2887 sollicite
1296 2846 1322 2886 et
1338 2835 1416 2886 anxie

352 2928 467 2977 tremas,
483 2915 591 2966 niteram
609 2910 863 2973 Phocidi‚·alteram
906 2911 1069 2984 possidetur,
1091 2931 1153 2964 ense
1173 2931 1276 2984 semper
1298 2913 1413 2968 tuenda:

352 2995 453 3057 Attice,
463 2994 600 3064 interjecto
608 2991 863 3054 Cithaeronemoute,
907 3009 961 3044 una
984 3003 1071 3064 potest
1095 2992 1201 3064 Megara
1232 2991 1414 3045 auctoritatem

352 3074 459 3146 oblique
477 3071 682 3134 conterminam
698 3067 863 3142 mediamque
906 3083 1023 3124 nostram
1039 3071 1153 3124 stabilire
1172 3083 1198 3124 et
1214 3070 1342 3138 fundare,
1361 3083 1413 3126 etc.

352 3155 474 3215 tortium,
494 3153 599 3204 Ismeno
616 3149 724 3204 flumine
740 3149 861 3220 rigatam.
905 3149 1002 3204 Errant
1019 3151 1065 3222 qui
1080 3166 1152 3219 rapto
1164 3152 1209 3202 sed
1227 3154 1322 3218 trepido
1340 3171 1414 3202 rnono

352 3265 387 3275 -
408 3239 525 3286 Ismenos.
545 3230 652 3284 Fluvios
675 3227 794 3292 Boeotiae,
815 3229 862 3300 qui
905 3228 1110 3299 praecedentibus
1126 3229 1259 3283 sententiis
1273 3228 1325 3282 hoc
1335 3229 1415 3282 modo

351 3312 457 3365 Thebas
466 3310 549 3364 alluit.
906 3308 1073 3380 adjungunt:
1090 3335 1101 3356 ι
1113 3309 1166 3374 Qui
1180 3327 1265 3380 genus
1274 3312 1356 3381 jactat
1372 3329 1415 3362 su·

387 3390 449 3444 335.
471 3392 601 3441 Cithaeron.
622 3389 721 3459 Iugum
737 3385 810 3457 quod
827 3386 862 3438 ab
904 3387 1157 3452 um,alienalaudat
1168 3406 1176 3451 ;
1187 3389 1271 3458 atqui
1283 3400 1413 3458 sceptrum

352 3469 624 3523 AustroinOrientem
634 3477 782 3537 porrectum
789 3465 862 3517 Boeo-
903 3467 1008 3536 rapuit‚
1025 3467 1048 3519 ei
1068 3466 1243 3522 laborandum
1261 3479 1287 3520 et
1302 3467 1413 3537 vigilan·

352 3549 416 3600 tiam
424 3540 815 3600 abrincatinus-riam
823 3555 861 3596 est
903 3543 966 3598 duur
977 3559 1028 3606 est.
1036 3557 1065 3599 ut
1074 3546 1100 3599 vi
1111 3559 1214 3618 portum
1225 3545 1251 3600 vi
1263 3546 1386 3600 retineat:
1396 3573 1407 3594 .

352 3625 484 3700 quidquid
493 3637 622 3678 terrarum
632 3623 860 3678 asummoCithae·
903 3624 963 3677 lioet
976 3625 1047 3676 enirn
1062 3628 1158 3694 trepido
1171 3645 1244 3677 manu
1258 3643 1304 3695 pro
1310 3630 1414 3694 perieri-

350 3725 416 3760 rone
431 3703 596 3775 prospicitur.
613 3704 715 3756 Lucan.
731 3703 765 3754 de
776 3704 860 3772 Apen·
903 3708 952 3755 lose
964 3715 1041 3775 posse
1051 3705 1132 3775 accipi
1145 3695 1307 3758 cdntendant
1319 3715 1346 3757 et
1360 3705 1414 3758 Ho-

350 3785 471 3849 niuo,11‚
486 3787 534 3844 tat
546 3783 695 3854 :·Lougior
703 3781 856 3854 eductoque
901 3783 1033 3836 ratianum
1047 3783 1119 3836 huuc
1133 3785 1221 3836 locum
1231 3783 1307 3847 (ΠΙ,
1320 3783 1366 3836 od.
1383 3789 1414 3845 ri

350 3865 432 3937 surgit
451 3865 479 3916 in
495 3881 552 3914 aero
574 3861 779 3928 dorso,Gailica
796 3879 856 3914 rura
900 3863 1030 3925 aii'erant,
1051 3880 1105 3934 quo
1118 3863 1225 3937 jubetur
1236 3865 1354 3915 Romana
1371 3867 1414 3936 ju·
1512 3866 1518 3876 “

349 3945 420 3999 videt
430 3943 607 4012 ‚devexasque
617 3942 709 4014 aspicit
718 3942 820 4013 Alpeso
900 3953 994 3994 ventus
1004 3945 1102 4008 trepidis
1115 3947 1140 3993 in
1151 3946 1220 3994 robiis
1230 3959 1322 4013 agere,
1331 3943 1414 3996 verba

386 4025 446 4078 336.
470 4022 583 4072 rsrtmos.
602 4019 789 4075 Corinthiacus
811 4039 857 4074 eeu
899 4023 1049 4086 incassum,
1061 4041 1095 4074 ne
1104 4021 1191 4076 dicam
1204 4025 1293 4096 pejus,
1305 4022 1413 4075 trahere

348 4101 497 4163 Achaicus,
512 4099 558 4178 qui
573 4099 780 4192 Peloponnesum
794 4101 856 4160 reli·
899 4113 925 4154 et
945 4119 1038 4154 vexare
1056 4101 1121 4154 mihi
1142 4100 1275 4155 videntur.
1300 4101 1413 4172 Quanto
