3118 5138
293 479 608 548 rrsrruonm
633 478 937 563 lucrorum,
963 491 1024 546 etc.
1106 478 1173 548 ctu

248 669 395 732 Prorsus
412 671 667 750 Lousonrunns,
684 670 866 750 Diaconos,
886 671 1049 733 Hrsronrn

138 773 146 804 ¹
465 774 636 838 lllrscstm
661 797 723 838 rna.
741 773 829 838 VIII.

157 912 264 993 Hujus
283 913 456 998 (Neronis)
475 915 674 1002 temporibus
691 931 793 1003 poetae
808 914 973 1002 pollebant
989 918 1099 981 Romae
1111 917 1175 980 Lu-

119 1041 234 1098 canus,
257 1017 436 1101 luvenalis,
455 1035 487 1083 et
502 1019 646 1099 Persius,
663 1019 846 1108 Senecaque
867 1021 1040 1110 Tragicus5
1062 1023 1173 1088 Muso·

119 1122 188 1185 nius
211 1137 309 1210 atque
324 1121 517 1187 Plutarchus
541 1126 560 1206 (
567 1123 652 1187 Hui!
675 1138 707 1188 et
725 1123 785 1196 ille
804 1125 897 1188 etaiam
918 1124 1054 1190 Neronis
1079 1129 1175 1194 oevor

119 1228 517 1316 ummtrmosopu.
1187 1205 1191 1226 '

194 1401 339 1466 Gratius
355 1405 581 1468 Banuaunmos
598 1403 773 1479 Minutas,
798 1427 832 1468 tn
849 1405 1091 1470 Couunnraruo

519 1531 563 1573 un
579 1509 765 1588 Tractcou.

158 1665 280 1730 Volunt
292 1666 492 1755 plerique(1)
507 1666 596 1731 hunc
608 1682 773 1731 auctorem
786 1666 870 1730 Anu.
882 1667 1054 1750 Senecam,
1074 1692 1171 1757 quem

123 1772 269 1836 Moralem
287 1774 414 1852 ferunt,
427 1773 519 1862 impii
536 1772 674 1836 Neronis
688 1773 723 1834 in
739 1770 913 1861 disciplinis
929 1772 1117 1858 alumnum,
1131 1777 1172 1841 de

123 1877 265 1942 Corduba
280 1879 459 1967 Hispaniae3
486 1878 672 1964 Lucanique
688 1893 790 1965 poetar
806 1893 957 1965 patruum
974 1880 1083 1945 fuisse.
1112 1883 1171 1946 Alii

125 2000 248 2072 negant,
271 1984 434 2072 aliumque
455 1983 570 2047 volunt
587 1982 685 2046 fuisse
709 1983 882 2062 Senecam,
908 1983 1049 2048 cultioris
1075 2009 1171 2050 mun·

125 2087 275 2177 dictisque
300 2090 394 2178 styli,
420 2087 646 2178 tragoediarum
664 2104 838 2152 auctorem.
856 2087 957 2175 quue
975 2093 1171 2178 argumentis

126 2195 336 2258 consentaneis
361 2194 498 2282 probare
522 2191 865 2279 videntur3'du0sque
893 2193 991 2258 fuisse
1017 2195 1171 2277 Senecas,

126 2313 194 2362 teste
208 2299 375 2364 Martiale:

266 2432 393 2504 Duosque
401 2430 526 2498 Senecas,
537 2432 699 2502 unicumque
709 2432 845 2485 Lucanum

340 2517 464 2572 Facunda
473 2519 589 2592 loquitur
599 2517 732 2572 Corduba.

161 2643 297 2706 Alterum
308 2642 566 2730 Philosophum,
589 2642 623 2705 in
642 2663 790 2704 sermone
806 2641 926 2704 durum
945 2657 977 2704 et
1004 2641 1170 2706 sententiis

126 2770 265 2835 gravem:
287 2749 424 2812 alterurn
440 2748 630 2836 Thagicum,
650 2770 736 2836 purae
759 2761 791 2809 et
817 2746 968 2836 elegantis
991 2747 1167 2814 facundie:

126 2872 249 2939 eumque
272 2851 485 2916 verisimiliter
499 2852 615 2928 harum
640 2850 863 2940 tragoediarum
885 2867 1050 2914 auctorem
1070 2854 1167 2916 exsti·

127 2955 189 3019 tissa
198 2980 205 3020 z
215 2959 246 3020 iu
259 2957 381 3045 quibus
393 2958 492 3021 lactea
503 2942 780 3044 eloquiiubertas,
792 2956 966 3019 verborum
980 2958 1170 3044 proprietas,

127 3075 153 3122 et
165 3063 385 3126 sententiarum
398 3062 532 3150 gravitas
545 3085 584 3124 ex
597 3060 710 3124 mediis
726 3059 938 3149 philosophiae
951 3059 1098 3123 fontibus
1113 3059 1169 3124 de·

126 3183 257 3256 prompta
273 3168 411 3243 videtur,
421 3184 481 3231 etos
495 3169 533 3230 In
550 3168 614 3231 hoc
630 3183 739 3231 autem
755 3165 920 3228 volumine
935 3182 983 3229 est
999 3165 1169 3252 tragoedia,

128 3293 181 3356 qua
197 3297 278 3338 mors
300 3274 439 3338 Octaviae
464 3274 572 3338 uxoris
589 3273 727 3337 Neronis
743 3267 914 3352 tractatur3
930 3292 1026 3356 quam
1043 3271 1170 3335 vivente

127 3375 239 3442 Nerone
250 3401 317 3443 non
328 3377 480 3442 credibile
493 3395 541 3442 est
552 3393 654 3442 actam
666 3377 774 3457 fuisse,
783 3373 839 3439 sed
846 3379 920 3462 post
930 3374 1013 3437 illius
1020 3391 1169 3438 mortem.

127 3479 165 3544 Ea
178 3507 194 3546 a
209 3485 313 3571 primo
327 3463 447 3548 Seneca
456 3484 551 3547 scribi
564 3507 631 3547 uon
643 3483 760 3570 potuit,
776 3503 877 3568 quum
894 3494 987 3544 antea
1002 3497 1168 3544 mortuum

127 3583 212 3650 luisse
230 3604 365 3653 constet.
383 3590 426 3652 At
444 3587 497 3668 hi,
519 3588 575 3675 qui
591 3603 760 3668 excusant,
785 3608 852 3649 non
871 3608 984 3663 omnes
1002 3586 1169 3674 tragoedias

127 3690 254 3768 ejusdem
263 3695 402 3758 auctoris
412 3694 510 3757 luisse
525 3693 656 3757 dicunt:
672 3691 761 3780 quod
771 3693 905 3756 varietas
914 3692 987 3780 styli
1000 3689 1168 3780 diligenter

29 3823 30 3840 r
126 3794 312 3862 intuentibus
336 3798 477 3863 indicat:
496 3813 529 3861 et
553 3798 598 3862 sic
620 3820 689 3861 eam
708 3797 978 3878 alterius'fuisse3
1002 3797 1077 3860 alias
1092 3819 1169 3860 vero
1225 3867 1229 3877 ‚

127 3899 255 3984 Senecae,
270 3925 366 3990 quem
379 3893 535 3967 Moralem
552 3901 781 3990 appellitamus.

157 4083 190 4150 (¹)
203 4083 349 4152 petrarcha,
358 4085 489 4151 Crinitus,
500 4085 593 4138 Daniel
606 4087 763 4158 cajetanus,
774 4083 829 4136 alii.
