3090 5142
471 508 775 575 DISSERTATIO.
1068 511 1148 602 xciii

87 631 192 692 minus
219 629 422 716 perspicaces
455 627 557 703 oculi,
584 627 609 689 si
637 647 751 715 parum
779 625 892 704 judicii
925 628 1054 708 subest,
1085 654 1151 693 non

86 748 276 822 agnoscunt.
302 735 345 798 At
366 733 401 794 in
426 730 597 796 dramatica
621 733 729 820 poesi,
751 731 778 796 si
803 729 954 796 defecerit
973 732 1152 813 judicium,

89 839 164 901 nihil
183 854 233 901 est
252 861 321 926 quo
339 839 487 902 succurri
502 838 615 926 possit.

13 973 14 1040 p
125 945 173 1006 Ut
196 943 294 1008 fusus
316 944 403 1008 ultra
428 941 564 1006 modum
587 943 622 1006 in
650 941 926 1030 descriptionibus,
947 943 1085 1026 Seneca,
1106 946 1153 1008 sic

13 1113 14 1136 ,
89 1051 118 1112 in
155 1047 352 1113 adhibendis
392 1049 559 1113 sententiis
601 1048 805 1114 immodicus.
849 1048 979 1130 Quibus
1016 1048 1150 1137 quidem

13 1139 14 1236 i
89 1171 269 1218 assueverat
286 1154 364 1219 olim
382 1175 484 1244 graeca
499 1153 665 1244 tragoedia,
687 1177 738 1218 eas
753 1171 930 1242 usurpante
946 1155 1151 1256 potissimum

92 1260 261 1350 Euripide,
285 1262 343 1348 qui
363 1283 447 1350 saepe
470 1259 664 1349 (fatendum
685 1261 791 1349 enim)
815 1260 1027 1350 philosophus
1051 1247 1153 1326 rideri

13 1411 14 1440 3
92 1365 217 1448 maluit,
245 1367 321 1430 ritae
344 1365 494 1430 bumanae
511 1365 612 1447 judex
633 1383 666 1432 et
691 1367 890 1455 explorator,
913 1389 1011 1455 quam
1030 1366 1153 1456 peritus

92 1415 238 1536 dramatis
267 1473 393 1536 artifex.
419 1471 482 1536 Sed
513 1487 640 1535 tantum
665 1472 751 1536 inter
779 1473 907 1536 Senecae
928 1487 961 1536 et
989 1471 1155 1560 Euripidis

93 1577 263 1640 sententias
294 1574 421 1658 differt,
450 1591 609 1663 quantum
639 1577 725 1640 inter
747 1599 916 1664 personas,
949 1578 1077 1665 propria
1101 1576 1153 1640 di-

94 1681 180 1746 cendi
199 1683 309 1744 forma
328 1681 361 1744 in
387 1697 526 1769 utroque
549 1683 697 1770 signatas.
721 1681 884 1770 Euripidis
909 1683 1093 1765 sententias,
1117 1699 1156 1746 ut

94 1785 233 1867 ejusdem
245 1785 349 1850 multa
361 1786 439 1868 alia,
452 1785 493 1850 ad
510 1785 648 1850 modesti
661 1803 693 1850 et
709 1787 884 1851 inaffectati
896 1788 1054 1851 sermonis
1068 1789 1156 1850 fami·

94 1892 256 1956 liaritatem
267 1891 405 1978 propius
413 1889 587 1973 accedunt,
599 1914 670 1979 quse
682 1908 794 1956 contra
804 1892 838 1954 in
849 1893 968 1956 Seneca
981 1892 1153 1980 quamdam

94 1996 246 2085 superbiae
271 1995 388 2060 Stoicae
408 1995 546 2083 speciem
571 1996 761 2083 praeferunt,
794 1995 844 2060 vel
874 1995 964 2084 quod
990 1998 1102 2062 stricte
1123 2015 1155 2061 et
1181 1979 1184 1988 Δ

96 2102 475 2194 concise-exprimuntur,
491 2102 542 2165 vel
560 2101 649 2188 quod
666 2103 710 2166 ita
725 2101 906 2191 loquuntur
921 2125 1083 2190 personas,
1118 2119 1155 2167 ut

97 2208 251 2295 propriam
265 2206 455 2294 opinionem
474 2206 506 2270 in
520 2206 731 2272 universalem
743 2207 935 2272 sententiam
947 2224 1155 2288 convertant,

97 2314 180 2399 quasi
205 2335 246 2376 ex
271 2313 459 2400 praescripto
482 2328 576 2376 certoe
602 2313 735 2376 rationis
758 2313 855 2376 vitam
880 2313 1095 2394 instituerint,
1125 2329 1157 2377 et

98 2416 274 2480 communis
290 2413 468 2504 disciplina
483 2431 640 2504 praecepta
655 2437 782 2504 semper
798 2417 832 2480 in
849 2415 974 2506 agendo
988 2415 1156 2481 attendant

98 2537 127 2586 et
140 2536 304 2610 reputent.
327 2521 380 2584 Sic
397 2521 519 2608 Lycus,
534 2537 688 2608 occupata
705 2520 891 2609 tyrannide,
907 2545 1010 2611 quum
1031 2538 1155 2586 metuat

99 2649 134 2690 ne
153 2627 217 2691 sibi
240 2625 397 2715 eripiatur
416 2647 554 2714 regnum
572 2626 662 2715 quod
686 2625 823 2704 invadit,
847 2642 880 2691 et
899 2626 974 2692 ideo
992 2627 1154 2718 Megaram

99 2733 149 2796 sibi
161 2733 240 2798 velit
255 2731 379 2819 nuptiis
393 2730 546 2820 jungere,
564 2731 604 2795 de
618 2730 743 2820 origine
757 2753 815 2797 sua
830 2749 862 2797 et
874 2733 993 2798 incerta
1007 2736 1155 2822 occupati

99 2839 159 2902 solii
174 2837 381 2927 possessione
397 2835 542 2901 disserit:

236 3023 457 3039 .............
470 2987 525 3054 Qui
537 3003 619 3058 genus
629 2987 710 3058 jactat
723 3005 820 3051 suum,

232 3073 527 3146 mactandarum
540 3073 585 3129 sed
599 3073 700 3146 trepida
709 3093 789 3128 manu

231 3163 341 3235 Sceptra
354 3163 524 3218 obtinentur:
540 3163 625 3216 omnis
635 3163 662 3215 in
674 3162 745 3216 ferro
755 3175 794 3217 est
804 3163 885 3217 salus.

234 3249 316 3317 Quod
330 3250 434 3304 civibus
447 3261 539 3304 tenere
550 3262 576 3305 te
589 3250 754 3304 inritisscins
768 3289 776 3314 ,

233 3339 344 3393 strictus
356 3350 446 3394 tuetur
458 3340 544 3394 ensis:
557 3339 644 3394 alieno
660 3340 688 3394 in
702 3340 762 3394 loco

232 3424 316 3480 Haud
325 3427 418 3480 stabile
426 3444 538 3500 regnum
549 3439 596 3481 est.

98 3577 170 3640 Mox
188 3577 298 3660 timet,
318 3599 361 3641 ne
378 3577 488 3642 inritae'
502 3576 655 3666 conjugio
672 3577 809 3666 Megara,²
826 3574 966 3664 potitus,
987 3576 1104 3642 invidia
1123 3599 1155 3646 et

97 3682 241 3769 populari
251 3705 404 3747 sermone
412 3697 595 3771 prematur:
611 3682 668 3748 sed
682 3681 892 3747 confirmatur
903 3681 967 3746 hoc
977 3685 1156 3770 tyrannidis

96 3786 208 3876 adagio
223 3811 232 3852 :

13 3917 14 3920 ¹
234 3927 381 4000 Arsprima
392 3927 467 3999 regni
476 3946 553 4002 posse
564 3939 590 3981 te
600 3925 729 3982 invidiam
741 3927 804 3999 pati.

94 4060 186 4147 Saepe
197 4057 342 4150 dialogus
363 4061 529 4126 sententiis
543 4077 630 4126 totus
647 4060 843 4126 continetur.
859 4061 898 4125 ln
911 4063 1154 4148 Agamemnone

929 4159 984 4255 f3
