3090 5142
380 517 440 612 xlij
509 521 538 586 J.
564 519 615 586 ls.
635 517 834 587 PONTANI
860 519 922 586 DE
946 518 1019 586 HIS
1042 463 1317 590 Tuncouuus

378 640 505 706 Pellam
532 640 762 728 Argentariam
786 637 1001 702 charissimam
1029 660 1157 703 uxorem
1188 656 1291 707 vocat.
1317 641 1441 705 Verum

377 746 475 826 illud,
493 744 549 833 qui
563 744 672 808 locum
686 743 819 832 propius
835 742 1001 831 inspiciet,
1018 765 1085 808 non
1097 744 1162 826 sui,
1181 744 1239 812 sed
1250 745 1371 811 Lucani
1387 771 1441 812 re·

376 867 488 941 spectu
515 849 633 914 dixisse
656 849 825 937 Papinium
854 848 1015 913 inveniet:
1041 865 1079 912 ut
1105 851 1272 931 omittam,
1289 853 1441 941 refragari

376 959 483 1046 ipsum
499 953 752 1036 Genethliacon,
774 975 813 1018 cx
830 976 896 1041 quo
918 953 1084 1018 nibil‘tale
1107 955 1291 1043 exsculpas5
1318 973 1388 1021 tum
1407 975 1441 1022 et
1470 1041 1475 1046 ἱ

374 1083 503 1129 carmen
520 1057 664 1141 ejusdem
684 1059 825 1148 Papinii,
844 1059 936 1148 quod
954 1061 1100 1148 sequitur
1115 1061 1199 1126 libro
1214 1063 1283 1144 111,
1296 1061 1338 1127 ad
1355 1085 1440 1127 uxo-

373 1191 442 1234 rem
460 1189 551 1234 suam
569 1163 750 1247 Claudiam,
776 1188 843 1254 quo
861 1189 930 1231 earn
943 1189 982 1230 ex
994 1165 1075 1231 urhe
1091 1165 1274 1256 Neapolim,
1285 1185 1439 1259 vergente

368 1279 434 1358 jam
452 1276 486 1338 in
502 1273 629 1339 senium
643 1287 746 1353 etate,
758 1272 881 1337 invitat.
900 1271 1005 1338 Porro
1020 1271 1146 1338 Sidonii
1162 1272 1260 1340 iidem
1277 1274 1438 1364 iuterpre-

370 1401 440 1464 tes,
457 1403 524 1470 quo
549 1379 617 1460 ejus
638 1377 681 1444 de
702 1377 823 1442 Seneca
846 1377 1047 1468 Philosopho
1068 1395 1102 1444 et
1122 1379 1278 1469 Tragico,
1303 1379 1439 1446 diversis

371 1485 463 1574 quasi
481 1483 690 1562 auctoribus,
716 1481 908 1546 sententiam
927 1481 1132 1566 suffulciant,
1147 1483 1210 1548 bos
1225 1505 1357 1574 quoque
1374 1483 1439 1549 Va-

370 1592 438 1656 lerii
453 1589 606 1656 Martialis
624 1588 674 1652 tui
689 1585 864 1652 versiculos
882 1587 1074 1654 adducunt:

509 1743 634 1814 Duosque
647 1741 760 1794 Senecas
775 1740 939 1813 unicumque
952 1741 1092 1796 Lucanum

563 1825 688 1882 Facunda
701 1827 820 1900 loquitor
833 1827 966 1882 Corduba.

372 1997 456 2060 Duos
464 1993 552 2060 enim
562 1992 607 2058 ibi
615 1991 749 2058 Senecas
760 1991 997 2080 Philosophum
1008 1992 1199 2058 volunt'esse
1210 2009 1242 2060 ct
1250 1993 1435 2083 Tragicum.

369 2101 490 2166 velum
502 2121 575 2179 nos,
588 2121 657 2164 rem
670 2097 779 2186 potius
792 2113 825 2162 et
835 2113 1002 2181 auctores,
1012 2120 1096 2186 quos
1107 2105 1204 2188 s'upra
1220 2097 1435 2182 laudavimus,
1542 2155 1543 2158 ,

369 2205 492 2282 sconti,
518 2201 772 2291 haudquaquam
807 2200 993 2268 dubitamus
1022 2203 1159 2268 Martiali
1192 2203 1246 2270 hic
1279 2204 1435 2270 Senecam

223 2321 228 2328 '
369 2328 513 2400 patrem,
528 2331 626 2398 quem
644 2308 822 2374 Rhetorem
841 2306 1001 2390 diximus,
1024 2325 1058 2374 et
1078 2307 1182 2374 lilium
1195 2309 1434 2402 Philosophum

368 2417 559 2482 intellectos.
578 2413 813 2503 Philosophum
830 2414 982 2502 iuquam,
1002 2416 1059 2503 qui
1075 2431 1108 2480 et
1125 2416 1280 2506 Tragicus
1297 2417 1355 2498 eit,
1372 2439 1434 2482 au-

369 2539 441 2588 ctor
467 2519 692 2612 tragoediarum
719 2518 865 2600 Medeoe,
897 2520 1078 2602 Troadum,
1109 2520 1254 2588 Herculis
1267 2521 1433 2610 furentis,

367 2627 533 2718 limpolyti
555 2643 588 2691 et
617 2627 780 2710 Thyestis,
802 2640 835 2690 et
855 2624 959 2707 adde,
984 2627 1011 2692 si
1035 2625 1134 2710 libet,
1163 2627 1307 2717 ocupa
1332 2651 1431 2718 quam

368 2752 471 2800 aotam
488 2757 507 2796 a
523 2733 653 2798 Nerone
668 2747 784 2820 praeter
800 2731 976 2798 Furenteru
992 2749 1025 2796 et
1038 2731 1234 2822 Thyestem,
1250 2749 1366 2800 auctor
1383 2753 1433 2800 est

367 2840 482 2908 Diouis
496 2837 704 2926 xiphilinus:
722 2837 843 2924 etquis
865 2836 1008 2927 ambigat
1026 2839 1240 2925 compositam
1256 2838 1432 2928 aliquando
1457 2837 1459 2842 ’

367 2949 408 3013 ab
433 2947 504 3036 ipso
531 2945 673 3028 Seneca,
691 2957 878 3033 postquam,
900 2959 940 3009 ut
964 2945 1094 3010 Tacitus
1120 2943 1218 3012 habet
1243 2947 1327 3012 libro
1351 2947 1431 3012 xlv

237 3071 241 3081 '
367 3052 561 3133 Annalium,
589 3072 680 3114 amor
703 3049 829 3116 Nemm'
849 3051 1026 3116 caminum
1047 3053 1214 3117 venisset?
1249 3051 1292 3118 Et
1312 3053 1430 3118 Fabius

367 3157 608 3242 Quintilianus,
620 3156 712 3238 licet,
722 3169 866 3243 utsupra
878 3154 1127 3237 estindicatum,
1138 3157 1268 3223 Senecae
1279 3156 1430 3224 Medeam

294 3256 299 3266 ’
364 3264 496 3345 tribuat,
514 3284 574 3328 neo
587 3261 697 3351 plures
714 3260 876 3342 nominet,
890 3261 1036 3349 agnoscit
1053 3261 1265 3328 nihilominus
1279 3263 1362 3328 libro
1379 3265 1431 3339 X,

366 3367 456 3457 quod
470 3383 503 3432 et
516 3389 620 3463 supra
628 3365 813 3447 innuimus,
834 3357 892 3430 uhi
907 3387 1043 3454 operum
1059 3365 1190 3432 &necea
1202 3367 1293 3456 quasi
1309 3369 1431 3434 catalo-

364 3495 442 3563 gum
459 3471 549 3553 texit,
560 3468 703 3550 ejusdem
719 3469 863 3533 similiter
874 3485 1039 3558 poemata;
1054 3469 1356 3565 Controuersiarum
1369 3495 1431 3538 au-

364 3593 430 3643 tem
444 3594 477 3641 et
492 3575 725 3654 Suasoriarum,
735 3597 820 3663 quae,
834 3589 873 3638 ut
887 3591 962 3638 ante
979 3591 1157 3656 ostensum,
1167 3577 1316 3660 rhetoris,
1329 3576 1363 3641 id
1379 3595 1431 3642 est

363 3684 479 3772 patris,
503 3702 569 3744 non
598 3679 673 3761 filii,
697 3695 793 3760 sunt,
817 3678 934 3744 eodem
961 3679 993 3742 in
1023 3701 1123 3746 censu
1151 3705 1313 3771 nusquam
1340 3682 1428 3747 idem

363 3786 480 3852 Fabius
499 3786 658 3849 meminit.
675 3785 772 3848 Extra
786 3799 894 3848 tamen
913 3781 1077 3866 ordinem,
1090 3785 1174 3850 libro
1188 3787 1344 3851 nimirum
1363 3789 1427 3870 ΙΙΙ,

360 3895 617 3960 Controversiam
630 3913 669 3956 ex
685 3893 723 3956 ils
734 3911 833 3955 unam
849 3891 943 3973 citat,
960 3907 993 3956 et
1006 3891 1160 3958 Senecam
1173 3895 1243 3960 sine
1259 3893 1326 3962 ullo
1342 3917 1427 3984 pine-

359 4001 506 4077 nomine,
524 4015 580 4064 ant
592 3999 656 4064 allo
674 3998 819 4064 ulteriori
833 3993 1130 4086 discrimine,quasi
1148 4001 1183 4064 in
1200 4021 1235 4066 re
1254 4015 1332 4065 nota
1350 4002 1427 4068 satis

356 4124 442 4172 esset
474 4104 711 4172 Controversia
738 4125 860 4168 nomen
882 4103 1051 4192 posuisse,
1075 4121 1242 4170 auctorem
1272 4105 1423 4172 celebrat.
