3172 5138
347 549 419 622 302
628 555 665 622 L.
695 551 872 623 ANNAEI
901 556 1117 627 SENECAE

496 683 571 753 Alta
590 709 650 778 per
667 683 803 754 hostes?
818 701 851 754 et
866 685 1088 756 Thessalicum

497 790 638 860 Thressa
656 793 819 885 premitur
833 791 945 862 Pelion
962 794 1069 864 Ossa?

500 894 610 966 Solitae
628 896 743 965 mundi
763 899 890 991 periere
908 900 1018 988 vices;

500 1001 590 1071 Nihil
609 1025 764 1089 occasus,
781 1001 862 1072 nihil
881 1019 973 1075 ortus
991 1009 1063 1076 crit.

501 1109 639 1203 Stupet,
657 1111 746 1178 Eoos
764 1123 892 1178 assueta
911 1109 974 1180 deo
1024 1117 1026 1122 ’

499 1214 643 1283 Tradere
662 1213 789 1302 frenos,
805 1217 944 1310 genitrix
962 1221 1076 1312 primte

500 1320 642 1390 Roscida
661 1319 744 1391 lucis
761 1346 918 1416 perversa
935 1326 985 1392 sui

497 1427 627 1495 Limina
646 1429 738 1521 regni
755 1455 762 1496 :
782 1429 886 1496 nescit
904 1429 1005 1498 fessos

497 1534 638 1628 Tingere
654 1557 792 1620 currus,
809 1559 870 1604 nec
890 1533 1053 1604 fumantes

496 1637 623 1708 Sudore
635 1639 732 1732 jubas
748 1663 896 1735 mergere
911 1656 1023 1737 ponto.

496 1742 573 1838 lpse
593 1747 722 1814 insueto
740 1771 847 1816 novus
864 1748 1007 1844 hospitio

340 1981 418 2034 Herc.
435 1997 501 2049 970.
513 2009 552 2020 -
564 1977 849 2047 Ptugroeos...t0nes.
893 1979 968 2034 Hanc
982 1979 1227 2052 interpretrtiouem
1245 1996 1343 2038 rectam
1356 1989 1399 2056 jo-

341 2061 407 2114 Nsm
433 2059 461 2112 in
485 2057 618 2128 Phlegrae
643 2057 710 2110 velle
732 2059 851 2130 gigantes
894 2056 1316 2116 dicrtBadenius.Nosverouec
1328 2065 1401 2136 quid·

341 2140 397 2194 rusi
412 2149 474 2192 sunt
487 2156 546 2190 curu
563 2135 620 2189 deis
633 2137 770 2209 congredi.
893 2157 971 2209 quam
985 2137 1150 2194 difficultatis
1163 2159 1219 2194 esre
1234 2144 1400 2210 arbitramur,

383 2223 442 2274 811.
458 2219 632 2280 Thessalico,
648 2229 698 2271 etc.
714 2218 757 2271 cf.
770 2218 849 2272 Herc.
892 2237 942 2270 nec
951 2217 1109 2272 Schroedero
1120 2233 1146 2274 et
1154 2219 1273 2274 Redenio
1282 2224 1401 2294 obsequi·

342 2302 394 2352 fur.
411 2301 466 2367 969
481 2309 508 2350 et
523 2298 635 2368 971.De
649 2299 810 2350 Thessalicum
824 2311 850 2351 et
893 2315 954 2350 ntur
966 2298 1056 2352 locum
1069 2300 1272 2371 explicantibus.
1285 2305 1399 2366 Aurora,

346 2381 460 2438 Thressa,
475 2375 530 2431 rid.
545 2391 572 2430 et
584 2390 640 2431 not.
656 2375 689 2430 od
703 2379 781 2431 Herc.
798 2378 849 2430 lur.
894 2390 995 2430 assuete
1010 2379 1098 2431 frenos
1115 2379 1218 2432 madere
1231 2381 1345 2447 Pboebo,
1358 2402 1400 2436 ne·

343 2457 425 2514 1285,
893 2457 943 2510 scit
955 2475 1063 2510 currum
1077 2461 1133 2530 ejus
1146 2461 1247 2530 tingere
1262 2461 1291 2512 in
1304 2459 1398 2515 undis:

381 2539 447 2595 813.
459 2537 581 2589 Mundi..
594 2540 683 2589 otoo.
696 2537 758 2589 Cnli
773 2550 799 2591 et
814 2538 848 2590 si·
892 2539 1032 2608 proprium
1047 2551 1085 2591 est
1106 2540 1145 2592 illi
1163 2559 1244 2610 equos
1256 2538 1289 2592 ad
1307 2541 1399 2594 ineun-

339 2619 433 2673 derom
450 2617 514 2670 certi
531 2627 640 2668 meatus.
892 2613 957 2669 dum
965 2637 1071 2670 cursuro
1079 2618 1222 2682 instruere,
1232 2637 1286 2672 non
1294 2635 1399 2690 peracto

382 2703 447 2762 814.
457 2697 529 2750 Nttut
541 2715 651 2758 occasus,
665 2707 714 2748 etc.
724 2696 783 2748 Jrrn
800 2715 849 2749 nec
892 2711 970 2749 eursu
982 2699 1128 2750 exsolvere:
1139 2700 1205 2751 tolet
1215 2700 1318 2770 aperire
1329 2697 1399 2753 diem

340 2780 440 2834 oriens.
461 2795 510 2828 nec
525 2773 651 2829 occidens
665 2773 784 2846 dignosci
803 2795 850 2847 po-
892 2772 997 2838 (indm
1003 2779 1088 2844 frenos
1096 2769 1165 2846 deo),
1177 2795 1232 2830 uon
1243 2791 1400 2832 autemcon-

339 2871 437 2913 terunt.
892 2854 1400 2928 dorsetexstinguere(tingemsesroscur-

381 2939 446 2992 815.
458 2935 556 3006 Stupet,
570 2947 621 2987 etc.
632 2936 747 2998 Aurora,
759 2935 849 2988 frenos
892 2955 942 3000 rus,
951 2935 1188 3006 recsumantesjubas
1196 2956 1299 3007 mergere
1304 2937 1397 3009 ponto).

339 3023 356 3072 i.
374 3038 396 3071 e.
413 3035 520 3071 currunt
538 3016 618 3076 lucis,
635 3031 716 3084 quem
732 3015 847 3085 primum
932 3017 998 3068 dno.
1012 3015 1089 3068 Iubar
1103 3035 1214 3086 mergere.
1228 3017 1326 3080 tubas,
1342 3017 1359 3070 i.
1374 3037 1397 3070 e.

339 3097 487 3170 regit,Soli
499 3109 598 3148 assueto
610 3092 849 3157 tradere,miratur
891 3113 972 3164 equos
986 3095 1064 3156 Solis,
1080 3095 1109 3148 in
1127 3110 1240 3167 pontum
1260 3095 1399 3150 demittere

340 3191 439 3231 mutata
451 3173 644 3229 eteonlusasui
658 3174 733 3244 regni
747 3174 847 3227 limina.
891 3166 1060 3241 (credebant
1075 3176 1146 3228 eninr
1163 3177 1275 3228 Veteres
1294 3178 1395 3236 solem.

381 3259 445 3312 818.
464 3258 547 3309 Nescit
554 3257 648 3322 finos,
664 3265 713 3307 etc.
729 3255 847 3306 Interro·
890 3271 974 3325 quum
998 3254 1090 3306 culum
1115 3255 1294 3326 relinqueret,
1319 3255 1398 3308 condi

339 3339 415 3410 gebat
427 3337 579 3389 Gronovius
590 3335 649 3406 quis
657 3337 750 3384 nescire
760 3351 848 3404 neque
891 3346 917 3385 et
934 3333 1063 3404 exstingui
1080 3329 1193 3405 ponto).
1212 3335 1269 3388 Nec
1289 3335 1400 3389 miretur

339 3419 409 3471 enim
421 3417 461 3468 vel
476 3413 510 3467 rd
521 3418 649 3467 Auroram
662 3414 703 3465 vel
714 3411 747 3465 ed
758 3414 847 3466 Solem
889 3411 1027 3486 quisquam
1048 3413 1124 3482 jubas
1146 3413 1198 3468 dici
1215 3419 1340 3481 fumantes
1358 3435 1398 3468 su·

339 3499 431 3551 referri
445 3497 497 3549 hoc
511 3495 625 3546 verbum
639 3491 779 3546 commode
790 3511 848 3564 pos·
889 3491 956 3554 dore,
967 3493 1086 3564 ot‘prulo
1096 3494 1396 3565 superiursessoscurrus.

339 3598 374 3630 se.
386 3573 533 3645 Respondit
541 3571 714 3627 schroederus
727 3573 778 3624 boc
789 3591 845 3624 mo·
889 3571 1008 3642 quamvis
1021 3571 1127 3625 hoodie
1141 3573 1186 3625 Sol
1197 3593 1251 3626 non
1266 3573 1397 3645 integrum

339 3657 375 3709 do
387 3675 393 3707 :
405 3655 524 3720 «Quoerit
535 3655 577 3706 vir
587 3652 775 3724 κριτικώτατος,
785 3653 846 3724 quir
890 3651 939 3703 iter
962 3651 1110 3722 impleverit
1123 3671 1131 3715 ς
1155 3653 1244 3706 minus
1270 3653 1342 3706 euim
1365 3651 1397 3706 ad

339 3749 425 3790 autern
442 3739 535 3784 nescit?
548 3751 666 3805 repono,
679 3732 786 3783 Aurora.
796 3730 846 3784 Ne·
889 3730 961 3784 hunc
976 3729 1047 3783 diem
1066 3730 1203 3784 referenda
1216 3735 1339 3800 smnorrtes
1358 3754 1397 3786 su-

339 3814 523 3869 scitilledeum
535 3814 678 3876 Phoebum,
693 3809 845 3864 cuiarsuets
889 3809 945 3862 dore
960 3823 987 3862 et
994 3814 1074 3877 sessos
1086 3811 1173 3881 putori
1187 3811 1300 3876 debent,
1317 3832 1396 3884 quarn
1500 3873 1503 3876 ¹

340 3893 444 3949 tradere
454 3893 556 3952 frenos,
568 3894 671 3962 tingere
680 3908 785 3954 currus,
798 3909 846 3943 ceu
890 3891 1045 3960 generaliter
1065 3889 1098 3942 de
1115 3891 1233 3962 quolibet
1247 3891 1291 3945 die.
1307 3893 1396 3946 scribi.

339 3973 420 4028 modo
442 3973 529 4024 fessos.
546 3973 606 4024 Non
625 3973 728 4024 conscia
742 3969 790 4022 sibi
808 3983 846 4024 est
931 3971 947 4023 8
952 3989 964 4022 2
974 3990 996 4022 r.
1010 3971 1131 4023 Insueto...
1141 3973 1249 4042 bospitio.
1261 3973 1396 4026 Decedens

339 4055 412 4128 quasi
436 4051 559 4104 curriculi
581 4049 691 4112 diurni,
715 4049 785 4120 quod
806 4051 845 4102 sol
889 4048 922 4102 ed
938 4048 1033 4113 Indos,
1050 4047 1121 4101 unde
1134 4051 1199 4103 oriri
1214 4053 1291 4104 solet.
1306 4053 1395 4122 Hospi-

338 4133 419 4188 modo
435 4148 556 4182 emensus
566 4131 616 4194 sit,
631 4129 743 4200 ideoque
757 4141 845 4200 stupet
889 4129 1395 4202 tiumproprielocnsest‚ubiadtempus,

337 4214 464 4268 obductus
485 4221 537 4262 tatu
560 4223 669 4280 repente
689 4210 816 4262 tenebras.
829 4235 839 4254 ι
888 4220 915 4260 et
924 4228 984 4261 ntor
994 4208 1107 4275 abituri,
1119 4229 1322 4263 commoramur.
1339 4211 1393 4262 Cic.
