3070 5158
447 512 891 585 supnaanunaun.
947 590 952 608 ‚
1131 506 1200 604 475

188 633 295 725 Super
304 633 436 728 ingesto
454 629 545 699 velut
564 632 640 725 igne
658 630 776 700 calent.

188 744 327 836 Sceptra
341 739 482 836 superba
497 755 637 813 tractata
649 765 751 812 manu
777 769 780 776 ¹

191 850 282 923 Illisa
303 851 374 920 solo
392 848 493 920 ferale
508 866 650 918 sonant:

188 963 277 1029 Tum
297 961 412 1029 dextra
430 983 551 1028 nocens
572 957 654 1028 lucis
672 975 789 1028 amatae

190 1074 403 1142 Perscrutata
414 1069 498 1155 vias,
514 1069 579 1137 ima
597 1071 638 1138 ab
657 1070 767 1140 radice
787 1068 913 1138 revellit

188 1181 351 1266 Lumina,
369 1195 402 1248 et
421 1178 564 1248 infandis
581 1205 703 1252 vacuos
721 1180 893 1258 obtutibus
911 1179 1010 1248 orbes
1037 1239 1044 1256 ι

189 1288 302 1360 Pulsat
315 1290 443 1376 adhuc,
468 1288 617 1384 solioque
630 1315 742 1361 amens
755 1315 904 1385 egressus
917 1290 1024 1372 avito,

189 1401 254 1468 Per
270 1398 450 1494 caligantes
465 1399 653 1468 miseranda
673 1402 709 1469 in
727 1415 824 1471 noete
842 1400 993 1468 tenebras

190 1515 265 1580 Huc
282 1508 360 1580 illuc
375 1510 446 1580 sine
462 1508 534 1606 lege
548 1511 626 1579 ruit.
644 1513 716 1582 Nee
731 1525 819 1585 meta
833 1508 982 1580 dolendis

191 1619 269 1689 Fuit
288 1617 344 1689 illa
358 1619 472 1707 malis3
496 1622 619 1690 iterum
637 1621 759 1690 Thebae

189 1731 462 1824 Consanguiueas
478 1755 607 1799 sensere
624 1755 766 1801 manus:

194 1843 244 1908 En
259 1832 539 1935 progenierum,
561 1866 621 1914 nee
638 1855 732 1912 ortus

191 1951 335 2020 Mentita
355 1974 431 2020 suos
448 1951 559 2046 quatit
575 1965 676 2020 aerata

189 2062 472 2155 Septemgeminas
486 2062 621 2156 agmine
638 2058 767 2157 portas!

191 2169 381 2240 Miseranda
398 2171 485 2241 truci
503 2195 644 2266 corpora
661 2169 751 2241 ferm

194 2281 343 2374 Trajecta
357 2277 489 2374 jacent,
515 2280 675 2375 largoque
697 2295 814 2350 natant

191 2390 359 2484 Sanguine
377 2389 488 2474 fossae,
508 2415 676 2485 quamque
695 2391 828 2486 superbi

195 2498 307 2569 Ardua
321 2500 410 2569 muri
428 2499 576 2602 claustra,
591 2502 758 2596 negabant

194 2609 319 2704 Stragis
336 2610 446 2679 acervi
468 2625 618 2680 struxere
632 2612 731 2678 viam.

194 2722 240 2788 At
259 2718 324 2787 vile
343 2718 462 2806 funus,
481 2718 556 2788 vilis
571 2734 621 2790 est
634 2721 725 2788 visus
744 2743 859 2802 eruor,

193 2828 389 2924 Nisiquem
405 2828 480 2896 saevi
494 2852 513 2895 e
527 2841 663 2922 pectore
676 2829 788 2898 fratris
824 2849 828 2856 ’

193 2941 352 3006 Fraterna
371 2936 521 3005 traxisset
535 2961 665 3007 manus.

193 3051 283 3142 Ergo
296 3048 346 3116 ira
364 3071 510 3142 praeceps
527 3048 657 3118 sceleris
674 3048 810 3142 abrupit
827 3049 969 3142 gradus:

193 3161 310 3226 Ruunt
328 3157 362 3225 in
377 3181 472 3226 enses
490 3183 499 3228 z
514 3159 635 3228 misera
647 3159 869 3252 nequiquam
888 3173 1000 3244 vetas,
1158 3157 1207 3222 '1⁵0
1243 3151 1244 3154 ¹

194 3271 341 3354 Jocasta3
358 3266 429 3338 leve
448 3268 558 3338 adhue
574 3269 732 3339 fratribus
748 3269 856 3338 visum
873 3284 922 3338 est
939 3269 1050 3356 nefas,

194 3377 264 3450 Nisi
284 3392 321 3447 tu
338 3377 483 3465 videres3
504 3381 767 3474 sanguinemque
784 3393 939 3448 mutuum

194 3489 365 3576 Hausisse‚
392 3489 457 3558 nisi
472 3490 531 3584 qui
544 3491 661 3560 matris
677 3505 830 3585 aspergat
847 3491 954 3576 sinus,

196 3600 378 3692 Sprevere:
393 3612 428 3669 at
447 3624 553 3669 unum
568 3615 680 3672 mente
697 3601 854 3671 eoueordi
868 3602 1061 3697 ingemunt,

196 3708 317 3780 Abesse
334 3722 464 3804 patrem
483 3736 492 3778 t
513 3735 641 3780 summe
662 3727 817 3781 votorum
831 3711 909 3798 nn,

198 3819 356 3912 Spectare
369 3845 453 3915 quos
468 3847 535 3890 non
550 3837 678 3917 posset,
697 3822 827 3892 audiret
844 3822 941 3890 mori.

554 4015 789 4040 ᾡ-
