3240 5138
363 544 644 612 nnncunns
671 533 891 614 nunnus.
919 547 1028 614 nor.
1057 550 1105 616 n.
1214 545 1268 642 69.

310 677 510 744 Umbrarum
530 677 701 764 dominos,
719 692 753 746 et
769 703 867 772 prece
886 679 1023 773 supplici
1224 722 1261 762 270

308 782 481 876 Orpheus,
501 784 685 877 Eurydicen
704 782 784 850 dum
801 785 921 878 repetit
936 808 1037 853 suam.

307 886 391 976 Quae
407 888 504 957 silvas
519 904 553 957 et
568 915 645 958 aves
663 913 804 982 saxaque
822 905 966 958 traxerat
1025 975 1028 984 γ

307 996 388 1079 Ars,
405 1019 478 1087 quae
497 996 682 1089 praebuerat
703 995 892 1065 fluminibus
914 1021 1041 1081 moras,
1109 999 1111 1006 ’

307 1099 357 1166 Ad
375 1100 469 1192 cujus
492 1103 636 1171 sonitum
656 1102 872 1170 constiterant
890 1103 987 1185 seru,

307 1203 433 1274 Mulcet
448 1231 516 1275 uon
534 1205 635 1276 solitis
653 1207 790 1276 vocibus
806 1209 944 1294 inferos,

306 1314 349 1379 Et
366 1310 473 1380 surdis
489 1326 622 1382 resonat
638 1311 757 1381 clarius
775 1315 809 1380 in
826 1313 913 1383 locis.

305 1417 438 1486 Dellent
452 1418 639 1514 Eurydicen
655 1419 814 1488 Threiciae
832 1446 952 1504 numa,

305 1523 438 1592 Deflent
455 1538 489 1592 et
503 1523 655 1619 lacrymis
674 1523 823 1595 difficiles
840 1526 913 1611 dei;

198 1764 250 1815 que
258 1759 285 1800 et
296 1746 403 1802 citharae
410 1746 552 1802 dulcedine
562 1747 629 1802 adeo
642 1750 704 1818 l’ln·
749 1749 795 1802 illo
808 1751 914 1821 plectra.
928 1777 939 1797 ι
953 1749 1031 1804 ovid.
1043 1750 1077 1804 de
1089 1752 1168 1805 l’ont.
1179 1753 1219 1818 ll,
1231 1757 1259 1816 6,
1288 1777 1290 1780 ·

199 1838 289 1878 tonem
307 1839 466 1898 ceterosque
488 1826 552 1882 deos
573 1830 701 1890 movisse,
748 1848 773 1881 v.
784 1828 838 1882 ³2:
855 1829 988 1883 ·Nonerit
997 1831 1080 1884 officii
1088 1831 1170 1902 gratia
1179 1831 1257 1886 surda

197 1915 227 1957 ut
242 1922 300 1958 eam
316 1907 459 1978 receperit,
478 1907 525 1960 red
545 1927 575 1961 ea
594 1909 650 1980 lege
670 1927 704 1962 ne
751 1909 822 1962 tui.»

197 1985 271 2054 priua
286 2003 397 2038 uxorem
413 2006 483 2059 pone
494 2001 646 2059 sequentem
661 2007 703 2042 re·
795 1987 859 2059 577.
882 1990 997 2041 Tlueicioe
1023 2009 1103 2042 nunu.
1127 1990 1258 2043 Gruterus

198 2063 325 2134 spiceret,
338 2084 418 2137 quam
437 2067 574 2121 excesserit
592 2061 702 2121 inieris:
750 2067 881 2140 «aliquid
908 2069 1019 2121 monstri
1045 2070 1126 2122 latere
1150 2071 1178 2122 in
1211 2070 1258 2123 illo

198 2143 282 2197 victus
295 2163 385 2198 amore
392 2158 418 2200 et
427 2147 652 2218 legisimpatiena,
664 2167 704 2200 re·
751 2147 866 2199 Threicia
881 2175 892 2194 ι
912 2147 1076 2218 suspicatur,
1093 2149 1257 2220 interrogans

197 2237 299 2294 ceptam
310 2225 408 2278 iterum
418 2227 513 2280 amicit.
523 2227 604 2280 Nulla
614 2227 701 2280 fabula
747 2225 813 2298 quid
820 2227 869 2279 sibi
882 2228 963 2280 velint
973 2228 1018 2279 bie
1026 2227 1156 2282 Threicia
1163 2249 1255 2282 nurus.

198 2305 331 2356 veteribus
341 2306 426 2376 poetis
443 2307 619 2360 celebratior:
633 2307 703 2360 banc
746 2307 833 2359 Locus
843 2307 1007 2360 Gronovium
1020 2308 1120 2378 pariter
1130 2307 1244 2362 offendit
1250 2349 1259 2373 ,

198 2383 321 2454 inprimis
340 2383 454 2439 Ovidius
472 2382 600 2449 (Metam.
613 2379 659 2455 X)
677 2399 703 2439 et
746 2387 793 2457 qui
804 2399 849 2438 aut
862 2388 978 2438 Tlrreicioe
988 2407 1071 2438 marrus
1079 2388 1119 2440 vel
1127 2387 1201 2457 fides,
1212 2402 1256 2442 aui
1276 2441 1278 2444 .

200 2463 327 2534 Virgilius
336 2454 452 2537 (Georg.
462 2465 511 2530 IV,
521 2466 577 2536 457
589 2479 615 2518 et
626 2458 701 2538 sqq.)
751 2461 853 2518 Threicii
869 2467 935 2518 modi
948 2467 988 2518 vel
1004 2470 1067 2518 nomi
1084 2468 1161 2520 malle
1176 2487 1203 2520 se
1217 2469 1255 2522 sa·

198 2543 357 2597 carminibus
365 2543 543 2611 adornavere,
556 2559 627 2598 tanta
636 2565 703 2618 prae·
747 2557 826 2598 tetur.
847 2546 926 2597 Botlre
944 2547 1101 2616 pronuntiat
1119 2567 1173 2600 nou
1197 2567 1254 2600 mu-

197 2622 286 2676 tertiut
301 2623 430 2695 Virgilius
446 2625 587 2690 felicitate,
605 2638 635 2678 ut
654 2645 702 2678 car-
746 2623 824 2676 tanda
833 2623 941 2696 quidem
953 2627 1049 2690 verba,
1061 2625 1108 2678 ted
1118 2628 1255 2698 interpun-

197 2713 314 2755 terorum
323 2703 473 2758 meminisse
480 2722 703 2776 supervacaneum
746 2705 861 2756 ctionem
878 2717 979 2757 tanturn
997 2705 1049 2757 hoc
1066 2705 1148 2758 modo
1165 2725 1255 2760 ernen-

196 2799 280 2852 prope
298 2781 427 2837 videatur.
746 2779 876 2836 dandami
886 2785 982 2856 Deflent
991 2785 1128 2857 Eurydicen
1140 2787 1255 2838 Tlrreicioe

237 2861 304 2932 572.
314 2863 377 2930 Quoe
384 2864 456 2916 sileret
461 2876 559 2926 etam,
569 2875 619 2916 etc.
626 2863 702 2935 Virg.
746 2871 834 2915 terrm?
843 2864 1079 2934 Dfierrtetlacrimis
1087 2864 1197 2934 difficiles
1204 2868 1253 2926 det,-

197 2940 294 3012 Georg.
310 2942 360 3008 IV,
377 2943 450 2996 510:
469 2970 479 2991 ι
495 2943 656 2996 Mulcentem
672 2944 703 2995 ti·
747 2939 774 2994 id
794 2954 853 3008 eet,
876 2944 898 2996 ai
917 2943 1055 3008 mulieres,
1069 2964 1114 2996 seu
1131 2945 1255 3015 nymphe

196 3039 254 3089 gree
263 3034 290 3073 et
298 3035 415 3092 agentem
428 3023 545 3076 carmine
555 3040 698 3094 quemue.-
745 3021 866 3076 Thracio
879 3022 980 3076 deflent
993 3022 1143 3093 Eurydicen
1158 3023 1185 3073 iu
1202 3037 1255 3076 ter·

197 3099 276 3153 Orid.
289 3100 398 3156 Metun.
413 3103 455 3168 X,
469 3103 521 3165 143
535 3121 542 3156 :
556 3125 567 3146 ·
579 3102 645 3159 Tale
657 3122 702 3154 ne·
745 3101 901 3166 ris‚deflent
909 3122 966 3155 eam
976 3115 1001 3155 et
1008 3103 1154 3154 inferorum
1165 3101 1222 3166 dei;
1232 3103 1254 3156 si

197 3199 255 3232 runa
267 3193 338 3233 vates
349 3194 530 3248 contraxerat;
544 3183 626 3252 inque
637 3182 703 3235 lera-
745 3180 823 3234 dolor
832 3195 910 3234 unta
917 3196 944 3234 et
951 3195 1003 3234 tam
1009 3181 1211 3252 inopincecladie
1217 3195 1252 3234 te-

196 3278 255 3314 rum
272 3260 392 3314 Concilio
407 3259 510 3314 medius
528 3263 605 3314 turba
625 3263 702 3314 volu·
745 3259 1254 3324 neramovitfeminarumcorda,movit

196 3357 323 3410 erumque
333 3338 447 3393 redebet.
462 3366 474 3388 ι
489 3339 554 3393 Vid.
569 3353 595 3392 et
606 3341 701 3413 Eurip.
746 3340 825 3392 etiam
839 3339 905 3394 dura
916 3339 1050 3403 Plutonis,
1063 3340 1216 3398 Furiarum,
1228 3355 1255 3394 et

196 3419 291 3472 Bacch.
311 3421 378 3472 561.
395 3419 486 3483 Horat.
501 3422 530 3484 1,
549 3418 594 3472 od.
610 3439 642 3472 ra
654 3459 662 3486 ,
676 3440 700 3473 v.
746 3437 838 3471 eorum
849 3420 896 3490 qui
907 3419 1028 3490 judicant
1040 3418 1189 3472 defunctos.
1204 3423 1252 3473 Ba·

198 3517 232 3568 7,
246 3513 272 3551 et
284 3497 376 3551 deart.
388 3499 485 3570 poetic.
500 3499 574 3568 393,
588 3513 638 3552 etc.
651 3514 701 3553 etc.
746 3496 856 3563 deuius,
877 3499 904 3551 in
926 3497 1070 3570 specimine
1088 3498 1254 3570 trngoediar·.‚

237 3578 704 3648 573.Praebuerat....m0m.t10m
746 3577 919 3630 contenderat
945 3579 989 3630 lric
1014 3577 1054 3648 agi
1081 3577 1115 3630 de
1142 3580 1254 3633 nuribut·¹

194 3658 309 3711 lecerat:
323 3657 473 3728 languidior
484 3659 610 3730 scriptum
624 3677 703 3730 quam
748 3659 874 3729 AEgypti‚
891 3656 918 3710 id
929 3671 979 3720 est,
992 3655 1168 3723 Danaidibus,
1182 3673 1254 3714 ratus

193 3738 269 3790 tolet.
752 3739 861 3789 Threicia
874 3758 946 3789 iturus
961 3737 1163 3809 proverbialiter
1178 3759 1255 3792 usur·
1297 3756 1301 3763 ·

235 3817 301 3886 576.
312 3816 435 3870 Stadia...
444 3823 468 3869 in
480 3820 546 3872 iocis.
557 3818 634 3871 Locis
645 3838 703 3870 mu·
746 3823 803 3887 pari
817 3837 894 3888 posse
906 3837 957 3890 pro
971 3838 1034 3868 sceva
1051 3831 1074 3868 et
1089 3821 1196 3870 immanis
1210 3839 1254 3870 nn·

194 3897 228 3949 tia
236 3910 262 3948 et
271 3896 425 3962 silentibus,
438 3909 467 3951 ut
475 3917 544 3968 saepe
553 3899 580 3949 in
591 3899 702 3969 scripto·
747 3895 1151 3950 rus.Ideruveroineditionesua
1159 3893 1254 3963 (1821),

193 3977 268 4029 ribus
281 3977 354 4029 latin.
369 3990 395 4029 et
407 3979 551 4048 praesertim
569 3978 596 4030 in
609 3979 702 4048 poetis.
751 3979 775 4028 T
772 3979 872 4028 inicias
887 3996 959 4030 nurus
974 3978 1106 4029 nominari
1124 3977 1254 4044 affirmat,

194 4057 316 4108 Juvenal.
336 4057 407 4119 Vll,
429 4075 461 4126 71
483 4075 489 4108 :
509 4056 617 4109 «Surda
636 4057 703 4110 nibil
747 4069 870 4128 tanquam
881 4056 1020 4128 populares
1029 4071 1054 4110 et
1064 4057 1202 4109 familiares
1210 4056 1255 4111 de·

194 4149 309 4204 gemeret
320 4155 398 4207 grave
408 4137 527 4190 buccina.
539 4165 549 4183 u
563 4137 626 4188 Stat.
639 4137 700 4189 Silv.
747 4139 857 4202 iunctm
870 4139 905 4189 sic
914 4157 1009 4190 novam
1019 4150 1142 4208 nuptum,
1151 4156 1166 4188 e
1176 4150 1253 4208 partu
1363 4173 1373 4194 .

196 4216 223 4272 1,
243 4221 274 4278 4,
293 4235 319 4266 v.
342 4237 372 4284 ¹9
389 4235 394 4268 :
416 4217 537 4270 ·....mibi
553 4216 631 4269 surda
647 4217 703 4272 aine
747 4219 957 4283 exstinetam‚ab
970 4218 1069 4269 umbris
1081 4218 1254 4286 innuptarum

1044 4308 1084 4392 52
