3172 5138
432 579 707 648 THYES'l'ES.
738 581 844 647 ACT.
869 583 910 648 V.
1126 581 1200 653 325

244 733 320 776 eru.
338 707 499 802 Epulatus
517 713 586 804 ipsc
607 738 640 781 es
663 713 762 806 impia
786 726 881 780 natos
903 711 994 804 dape.

241 837 321 882 rur.
338 817 410 883 Hoc
423 830 490 902 est,
504 816 584 888 deos
595 818 685 912 quod
701 813 830 911 puduit!
847 817 911 885 hoc
925 819 992 912 egit
1005 816 1091 887 diem
1148 853 1197 891 ,ως

239 921 401 990 Aversum
418 922 451 988 in
466 920 572 992 ortus!
593 924 685 1012 Quas
700 925 799 992 miser
817 949 915 992 voces
931 923 1034 1008 dabo,

239 1026 450 1120 Questusque
469 1028 573 1121 quos?
589 1054 662 1122 quae
681 1029 781 1098 verbo
800 1029 966 1098 sufficient
983 1029 1086 1098 mihi?

239 1131 390 1200 Abscissa
412 1157 513 1202 cerno
532 1137 656 1228 capita,
672 1150 704 1203 ct
723 1132 850 1203 avulsas
868 1147 1002 1220 munus,

239 1239 282 1304 Et
304 1252 400 1332 rupta
418 1239 530 1308 fractis
549 1241 699 1310 cruribus
715 1242 861 1332 vestigia.

239 1346 312 1411 Hoc
330 1359 395 1430 est,
410 1345 499 1438 quod
516 1347 630 1416 avidus
646 1371 763 1441 capere
783 1373 850 1416 non
872 1349 979 1440 potuit
1000 1361 1101 1440 pater.
1143 1381 1192 1423 1040

238 1447 426 1518 Volvuntur
447 1453 535 1520 intus
554 1455 697 1536 viscera,
716 1469 749 1522 et
770 1451 916 1524 clausum
939 1453 1036 1524 nefas.

237 1555 313 1622 Sine
335 1557 422 1624 exitu
441 1556 600 1640 luctatur,
622 1573 655 1626 et
674 1561 791 1652 quoerit
811 1560 908 1626 viam.

238 1663 308 1741 Da,
332 1660 448 1742 frater,
469 1689 597 1748 ensem3
616 1667 782 1758 sanguinis
801 1663 939 1732 multum
960 1666 1022 1732 mei

237 1767 344 1835 Habet
365 1766 441 1836 ille:
462 1769 550 1838 ferro
570 1767 680 1840 liberis
697 1771 794 1839 detur
809 1773 871 1838 via.

234 1873 384 1967 Negatur
402 1873 508 1944 ensis?
528 1891 663 1970 pectora
683 1875 766 1947 illiso
784 1891 901 1946 sonent
1138 1900 1187 1944 xus

169 2054 254 2117 1034.
270 2055 390 2124 Epulatus
405 2061 630 2126 pram...nutos.
719 2064 802 2122 1041.
825 2057 960 2109 Volvuntur
985 2061 1056 2109 uteru.
1076 2058 1184 2110 lactan·

124 2131 225 2200 Saepius
236 2134 353 2187 absolute
365 2149 506 2206 usurpatur
520 2137 631 2189 verbum
675 2150 719 2190 tur
739 2138 766 2188 in
792 2156 851 2190 meo
874 2147 992 2208 pectore.
1011 2169 1051 2178 -
1068 2136 1182 2188 Clausum

123 2211 236 2279 epulari,
257 2225 301 2267 aut
321 2233 382 2268 cum
399 2215 529 2280 ablativo,
551 2229 581 2269 ut
602 2218 630 2270 iu
675 2219 751 2284 nesus.
766 2215 799 2269 Id
815 2229 868 2280 est,
881 2213 1001 2269 nefande
1015 2233 1106 2269 carnes
1121 2235 1180 2268 cor-

124 2290 201 2360 Virg.
214 2296 274 2346 AEn.
289 2294 346 2359 111,
360 2301 412 2359 aad
425 2313 454 2347 t·
466 2293 630 2368 dapibusque
674 2315 740 2366 pore
752 2315 813 2349 meo
827 2295 943 2348 incluse.

123 2371 266 2440 epulamur
279 2373 375 2446 opimio
390 2401 414 2426 ι.
716 2383 796 2439 rode.
815 2375 872 2428 Siue
890 2378 956 2426 exitu
977 2375 1090 2426 luctatur.
1113 2374 1180 2426 Fru-

168 2451 250 2505 1035.
264 2453 319 2505 Hoc
333 2466 384 2517 cst,
396 2467 445 2507 etc.
461 2451 524 2506 Ideo
538 2453 629 2526 lugere
672 2469 723 2508 stru
737 2456 872 2509 luctantur
884 2455 982 2507 viscera
998 2465 1135 2512 natorum,
1151 2467 1180 2506 ut

121 2528 183 2594 dei,
197 2542 223 2583 et
236 2533 274 2585 eol
286 2530 318 2584 ad
331 2546 419 2586 ortum
432 2535 588 2586 retrocessit.
629 2545 635 2566 t
672 2536 772 2588 exitum
786 2535 835 2587 sibi
851 2535 955 2587 sociant.

166 2612 249 2679 1039.
263 2613 382 2681 Rupta...
394 2615 505 2681 uestigia.
518 2611 600 2666 Pedes
614 2634 627 2666 a
714 2615 795 2679 1043.
804 2615 856 2677 Da,
866 2616 956 2680 frater,
969 2631 1059 2676 ensem,
1072 2625 1122 2665 ete.
1139 2615 1179 2666 Da

121 2690 245 2743 cruribus
258 2689 404 2745 distractos.
416 2693 548 2761 Vestigium
561 2711 627 2762 quo·
669 2695 750 2759 mihi,
761 2696 861 2756 Atreu,
874 2693 946 2745 hunc
961 2703 1035 2744 tuum
1046 2690 1175 2762 gladium,

120 2787 175 2836 que
188 2789 238 2839 pro
249 2771 310 2840 pede
321 2772 350 2823 in
365 2771 459 2824 Catulli
475 2771 557 2841 Nupt.
572 2773 625 2825 Pel.
670 2792 724 2844 quo
735 2776 789 2844 jum
806 2773 904 2826 liberos
919 2790 991 2824 meos
1009 2772 1176 2840 jugulavisti‚

125 2853 198 2901 162:
213 2877 224 2896 ι
237 2849 355 2904 Candida
370 2851 536 2922 permulcens
546 2851 626 2922 liqui·
670 2866 700 2904 ut
718 2872 750 2905 eo
770 2854 797 2904 in
814 2853 900 2904 alvum
916 2849 1008 2904 adacto
1017 2890 1024 2914 ,
1044 2848 1176 2920 quidquid

120 2924 163 2978 dis
176 2929 282 2998 vestigia
294 2929 450 3002 lymphis».
671 2933 778 2994 vorari,
802 2948 862 2983 cum
898 2931 952 2982 rita
979 2929 1105 2982 emittam.
1132 2929 1175 2981 Sic

165 3009 625 3082 1040.Hocert,quod,etc.lntel·
670 3009 749 3064 ovid.
763 3011 939 3078 Metamvl,
957 3007 1075 3076 663,de
1088 3011 1174 3061 Tereo
1275 3045 1276 3050 ,

118 3085 180 3156 ligit
201 3088 362 3152 Fumhim,
377 3117 388 3136 ι
405 3091 446 3142 En
465 3089 516 3141 illae
528 3087 625 3159 dapes,
669 3088 759 3143 eadem
770 3108 846 3162 passo
857 3108 880 3141 τι
892 3089 926 3140 Et
938 3087 1033 3151 modo,
1043 3087 1064 3140 si
1077 3089 1172 3158 possit,

119 3185 187 3236 quas
207 3167 250 3220 vix
269 3167 405 3238 capiebam
415 3195 426 3216 ι
436 3209 443 3234 ,
454 3181 480 3220 et
496 3186 525 3220 ea
541 3170 625 3240 respi·
668 3182 783 3225 reserato
800 3183 907 3241 pectore
924 3167 994 3220 diras
1007 3167 1121 3238 Egerere
1133 3168 1173 3218 irr-

116 3265 181 3298 cere
202 3249 347 3302 arbitratur
369 3247 402 3300 ad
427 3268 453 3301 v.
472 3250 546 3316 781,
563 3269 625 3317 soepe
668 3247 701 3302 de
713 3250 794 3321 dapes
806 3267 958 3318 semesaque
972 3247 1068 3298 viscera
1082 3247 1172 3316 gestit:

113 3326 242 3392 prr-reclusae
261 3327 337 3380 cibum
356 3339 448 3379 terrerem
458 3331 552 3393 fauces.
569 3329 624 3398 Ego
667 3329 726 3382 Flet
747 3327 845 3392 modo,
866 3347 945 3399 seque
970 3339 1045 3378 vocat
1066 3328 1173 3377 bustum

116 3418 213 3458 contra
227 3405 363 3460 referenda
379 3407 475 3478 opinor
492 3405 527 3458 ad
544 3426 623 3479 supp.
667 3409 816 3460 miserabile
832 3407 895 3459 nati.
907 3434 917 3452 .
927 3437 965 3448 -
975 3405 1104 3475 Sanguinis
1113 3405 1173 3456 mul·

118 3485 234 3538 Abacum
247 3505 316 3538 cerno
328 3489 424 3558 capitu,
435 3499 485 3540 ete.
497 3487 532 3540 ita
545 3500 575 3539 ut
586 3487 623 3539 sie
668 3500 730 3552 tum,
743 3501 794 3540 etc.
805 3495 881 3540 Hunc
892 3505 981 3539 eusrm
990 3488 1043 3555 jam
1058 3484 1172 3536 multum

114 3564 207 3617 locum
223 3565 398 3636 interpreter:
408 3567 495 3620 Cerno
513 3566 622 3620 abscissa
667 3567 719 3619 mei
729 3567 864 3637 sauguinis
875 3565 968 3618 tinxit:
978 3567 1023 3615 mei
1032 3567 1169 3632 sanguiris,

114 3644 218 3714 capita,
238 3646 341 3700 avulsae
360 3665 468 3707 manus,
495 3659 622 3698 resecatur
667 3647 729 3718 quia
743 3647 798 3699 nati
811 3657 951 3717 parentum
963 3644 1067 3714 sanguis
1078 3641 1171 3695 dieun-

113 3721 198 3793 pedes
212 3742 218 3777 :
230 3725 286 3778 haeo
302 3739 380 3790 sunt,
396 3745 453 3797 quae
465 3737 547 3796 pater,
559 3725 623 3778 licet
667 3740 721 3779 tur.
733 3725 808 3796 Virg.
823 3725 939 3784 AEmVL
957 3723 1012 3777 836
1025 3741 1032 3774 :
1047 3751 1056 3768 ·
1070 3722 1172 3793 Projiee

113 3802 225 3868 avidus,
236 3823 291 3856 uon
303 3805 391 3874 potuit
399 3823 502 3857 vorare·
513 3805 621 3858 Viscera
667 3805 717 3857 tela
733 3823 829 3868 manu,
844 3804 947 3874 sanguis
962 3820 1045 3854 meus.
1063 3827 1073 3848 ι

111 3895 203 3935 autem
213 3901 306 3936 eorum
317 3883 344 3936 in
354 3884 488 3938 stomacho
497 3902 556 3937 meo
566 3885 621 3936 rol·
706 3885 902 3954 rodbll'egatur
909 3885 990 3935 euru?
997 3884 1092 3934 Atreus
1100 3882 1172 3933 euim

111 3975 225 4027 vuntur,
246 3977 296 4016 etc.
309 3963 373 4016 »Sic
391 3983 470 4034 supra
487 3983 512 4016 v.
537 3965 621 4030 1030,
666 3983 755 4017 necem
770 3963 922 4036 petentibus
931 3959 1099 4015 abnuitvtd.
1111 3980 1168 4031 sup.

110 4041 563 4114 Atreue:·Quidquidcnatistuis
576 4043 622 4095 Su·
666 4063 707 4096 vv.
732 4049 785 4108 adsi
803 4057 829 4096 et
846 4051 917 4112 247,
933 4055 960 4095 et
979 4042 1016 4094 ibi
1033 4053 1116 4093 uotae.
1133 4071 1170 4082 --

110 4135 217 4192 paest,
232 4122 356 4188 habebis;
371 4122 494 4195 quodque
510 4143 562 4175 uon
579 4143 620 4175 su·
667 4124 782 4186 Pectora,
798 4137 850 4177 etc.
866 4123 925 4175 Sese
937 4121 1065 4192 Thyestes
1081 4121 1170 4172 horta-

110 4214 217 4272 petest,
230 4201 318 4255 habes.
331 4231 343 4249 ι»
668 4216 711 4254 tur
724 4202 758 4255 ad
770 4201 918 4275 plangenda
930 4202 1026 4255 viscera
1038 4191 1083 4269 (de
1096 4201 1163 4272 plau

952 4295 1019 4380 21³
