<?xml version="1.0" encoding="UTF-8"?>
<!DOCTYPE html PUBLIC "-//W3C//DTD XHTML 1.0 Transitional//EN"
    "http://www.w3.org/TR/xhtml1/DTD/xhtml1-transitional.dtd">
<html xmlns="http://www.w3.org/1999/xhtml" xml:lang="en" lang="en">
 <head>
  <title>
</title>
<meta http-equiv="Content-Type" content="text/html;charset=utf-8" />
  <meta name='ocr-system' content='tesseract 3.04.00' />
  <meta name='ocr-capabilities' content='ocr_page ocr_carea ocr_par ocr_line ocrx_word'/>
</head>
<body>
  <div class='ocr_page' id='page_1' title='image "./lannsenecparste02piergoog_0286.png"; bbox 0 0 3240 5138; ppageno 0'>
   <div class='ocr_carea' id='block_1_1' title="bbox 350 401 1371 546">
    <p class='ocr_par' dir='ltr' id='par_1_1' title="bbox 350 401 1371 546">
     <span class='ocr_line' id='line_1_1' title="bbox 350 401 1371 546; baseline 0.01 -31"><span class='ocrx_word' id='word_1_1' title='bbox 350 448 629 517; x_wconf 72' lang='lat' dir='ltr'>durcones</span> <span class='ocrx_word' id='word_1_2' title='bbox 653 420 872 518; x_wconf 75' lang='lat' dir='ltr'>nonnus.</span> <span class='ocrx_word' id='word_1_3' title='bbox 900 451 1007 518; x_wconf 77' lang='lat' dir='ltr'>Aer.</span> <span class='ocrx_word' id='word_1_4' title='bbox 1035 451 1098 517; x_wconf 90' lang='lat' dir='ltr'>1v.</span> <span class='ocrx_word' id='word_1_5' title='bbox 1193 401 1261 546; x_wconf 54' lang='grc' dir='ltr'>,ις’</span> <span class='ocrx_word' id='word_1_6' title='bbox 1368 405 1371 408; x_wconf 45' lang='grc'><strong>’</strong></span> 
     </span>
    </p>
   </div>
   <div class='ocr_carea' id='block_1_2' title="bbox 251 578 1257 1418">
    <p class='ocr_par' dir='ltr' id='par_1_2' title="bbox 253 578 884 674">
     <span class='ocr_line' id='line_1_2' title="bbox 253 578 884 674; baseline 0 -26"><span class='ocrx_word' id='word_1_7' title='bbox 253 579 315 648; x_wconf 90' lang='lat' dir='ltr'>Sed</span> <span class='ocrx_word' id='word_1_8' title='bbox 333 603 411 650; x_wconf 89' lang='lat' dir='ltr'>eece</span> <span class='ocrx_word' id='word_1_9' title='bbox 427 578 535 674; x_wconf 88' lang='lat' dir='ltr'>proles</span> <span class='ocrx_word' id='word_1_10' title='bbox 551 581 637 674; x_wconf 84' lang='lat' dir='ltr'>regis</span> <span class='ocrx_word' id='word_1_11' title='bbox 651 581 773 650; x_wconf 90' lang='lat' dir='ltr'>inimici</span> <span class='ocrx_word' id='word_1_12' title='bbox 788 578 884 666; x_wconf 85' lang='lat' dir='ltr'>lutet,</span> 
     </span>
    </p>

    <p class='ocr_par' dir='ltr' id='par_1_3' title="bbox 252 685 922 781">
     <span class='ocr_line' id='line_1_3' title="bbox 252 685 922 781; baseline -0.001 -26"><span class='ocrx_word' id='word_1_13' title='bbox 252 687 333 778; x_wconf 86' lang='lat' dir='ltr'><strong>Lyci</strong></span> <span class='ocrx_word' id='word_1_14' title='bbox 353 685 532 756; x_wconf 85' lang='lat' dir='ltr'>uelandum</span> <span class='ocrx_word' id='word_1_15' title='bbox 555 711 666 756; x_wconf 86' lang='lat' dir='ltr'>semen</span> <span class='ocrx_word' id='word_1_16' title='bbox 685 713 692 756; x_wconf 91' lang='lat'>:</span> <span class='ocrx_word' id='word_1_17' title='bbox 714 688 819 756; x_wconf 85' lang='lat' dir='ltr'>inviso</span> <span class='ocrx_word' id='word_1_18' title='bbox 836 689 922 781; x_wconf 87' lang='lat' dir='ltr'>patri</span> 
     </span>
    </p>

    <p class='ocr_par' dir='ltr' id='par_1_4' title="bbox 252 791 1068 886">
     <span class='ocr_line' id='line_1_4' title="bbox 252 791 1068 886; baseline 0.002 -26"><span class='ocrx_word' id='word_1_19' title='bbox 252 795 330 860; x_wconf 81' lang='lat' dir='ltr'>Haec</span> <span class='ocrx_word' id='word_1_20' title='bbox 350 791 464 860; x_wconf 83' lang='lat' dir='ltr'>dextra</span> <span class='ocrx_word' id='word_1_21' title='bbox 482 792 552 886; x_wconf 85' lang='lat' dir='ltr'>jam</span> <span class='ocrx_word' id='word_1_22' title='bbox 573 817 633 862; x_wconf 89' lang='lat' dir='ltr'>vos</span> <span class='ocrx_word' id='word_1_23' title='bbox 654 793 769 862; x_wconf 84' lang='lat' dir='ltr'>reddet</span> <span class='ocrx_word' id='word_1_24' title='bbox 790 819 797 860; x_wconf 93' lang='lat'>:</span> <span class='ocrx_word' id='word_1_25' title='bbox 817 794 961 861; x_wconf 83' lang='lat' dir='ltr'>excutiat</span> <span class='ocrx_word' id='word_1_26' title='bbox 981 791 1068 862; x_wconf 85' lang='lat' dir='ltr'>leves</span> 
     </span>
    </p>

    <p class='ocr_par' dir='ltr' id='par_1_5' title="bbox 251 898 1257 1198">
     <span class='ocr_line' id='line_1_5' title="bbox 251 898 1257 992; baseline 0.002 -26"><span class='ocrx_word' id='word_1_27' title='bbox 251 899 383 966; x_wconf 87' lang='lat' dir='ltr'>Nervus</span> <span class='ocrx_word' id='word_1_28' title='bbox 401 898 554 992; x_wconf 81' lang='lat' dir='ltr'>sagittas3</span> <span class='ocrx_word' id='word_1_29' title='bbox 568 898 631 967; x_wconf 88' lang='lat' dir='ltr'>tela</span> <span class='ocrx_word' id='word_1_30' title='bbox 646 901 692 968; x_wconf 87' lang='lat' dir='ltr'>sic</span> <span class='ocrx_word' id='word_1_31' title='bbox 709 899 794 967; x_wconf 88' lang='lat' dir='ltr'>mitti</span> <span class='ocrx_word' id='word_1_32' title='bbox 813 898 907 968; x_wconf 88' lang='lat' dir='ltr'>decet</span> <span class='ocrx_word' id='word_1_33' title='bbox 1218 943 1257 982; x_wconf 57' lang='lat'>95..</span> 
     </span>
     <span class='ocr_line' id='line_1_6' title="bbox 252 1001 1113 1100; baseline 0.002 -29"><span class='ocrx_word' id='word_1_34' title='bbox 252 1002 423 1072; x_wconf 87' lang='lat' dir='ltr'>Herculea.</span> <span class='ocrx_word' id='word_1_35' title='bbox 442 1027 555 1074; x_wconf 78' lang='lat' dir='ltr'>suen.</span> <span class='ocrx_word' id='word_1_36' title='bbox 573 1005 651 1093; x_wconf 88' lang='lat' dir='ltr'>Quo</span> <span class='ocrx_word' id='word_1_37' title='bbox 669 1029 703 1074; x_wconf 87' lang='lat' dir='ltr'>se</span> <span class='ocrx_word' id='word_1_38' title='bbox 721 1029 826 1076; x_wconf 85' lang='lat' dir='ltr'>coeeus</span> <span class='ocrx_word' id='word_1_39' title='bbox 846 1007 983 1100; x_wconf 82' lang='lat' dir='ltr'>impegit</span> <span class='ocrx_word' id='word_1_40' title='bbox 1000 1001 1113 1075; x_wconf 81' lang='lat' dir='ltr'>furor?</span> 
     </span>
     <span class='ocr_line' id='line_1_7' title="bbox 252 1110 968 1198; baseline 0.003 -21"><span class='ocrx_word' id='word_1_41' title='bbox 252 1110 392 1178; x_wconf 87' lang='lat' dir='ltr'>Vastum</span> <span class='ocrx_word' id='word_1_42' title='bbox 412 1111 534 1179; x_wconf 86' lang='lat' dir='ltr'>coactis</span> <span class='ocrx_word' id='word_1_43' title='bbox 555 1110 646 1179; x_wconf 85' lang='lat' dir='ltr'>llexit</span> <span class='ocrx_word' id='word_1_44' title='bbox 662 1135 777 1181; x_wconf 85' lang='lat' dir='ltr'>arcum</span> <span class='ocrx_word' id='word_1_45' title='bbox 794 1111 968 1198; x_wconf 90' lang='lat' dir='ltr'>cornibus,</span> 
     </span>
    </p>

    <p class='ocr_par' dir='ltr' id='par_1_6' title="bbox 251 1214 1066 1312">
     <span class='ocr_line' id='line_1_8' title="bbox 251 1214 1066 1312; baseline 0.006 -31"><span class='ocrx_word' id='word_1_46' title='bbox 251 1214 508 1311; x_wconf 80' lang='lat' dir='ltr'>Pheretramque</span> <span class='ocrx_word' id='word_1_47' title='bbox 530 1214 625 1286; x_wconf 88' lang='lat' dir='ltr'>solvit</span> <span class='ocrx_word' id='word_1_48' title='bbox 643 1243 650 1284; x_wconf 93' lang='lat'><strong>:</strong></span> <span class='ocrx_word' id='word_1_49' title='bbox 671 1217 787 1286; x_wconf 90' lang='lat' dir='ltr'>stridet</span> <span class='ocrx_word' id='word_1_50' title='bbox 805 1218 924 1287; x_wconf 88' lang='lat' dir='ltr'>emissa</span> <span class='ocrx_word' id='word_1_51' title='bbox 941 1219 1066 1312; x_wconf 89' lang='lat' dir='ltr'>impetu</span> 
     </span>
    </p>

    <p class='ocr_par' dir='ltr' id='par_1_7' title="bbox 251 1321 936 1418">
     <span class='ocr_line' id='line_1_9' title="bbox 251 1321 936 1418; baseline 0.007 -30"><span class='ocrx_word' id='word_1_52' title='bbox 251 1321 406 1408; x_wconf 88' lang='lat' dir='ltr'>Arundo;</span> <span class='ocrx_word' id='word_1_53' title='bbox 428 1321 537 1391; x_wconf 90' lang='lat' dir='ltr'>medio</span> <span class='ocrx_word' id='word_1_54' title='bbox 555 1322 716 1418; x_wconf 87' lang='lat' dir='ltr'>spiculum</span> <span class='ocrx_word' id='word_1_55' title='bbox 734 1323 819 1393; x_wconf 92' lang='lat' dir='ltr'>collo</span> <span class='ocrx_word' id='word_1_56' title='bbox 834 1323 936 1417; x_wconf 83' lang='lat' dir='ltr'>fugit,</span> 
     </span>
    </p>
   </div>
   <div class='ocr_carea' id='block_1_3' title="bbox 196 1503 1281 4204">
    <p class='ocr_par' dir='ltr' id='par_1_8' title="bbox 196 1503 1281 4204">
     <span class='ocr_line' id='line_1_10' title="bbox 199 1503 1253 1578; baseline 0.007 -24"><span class='ocrx_word' id='word_1_57' title='bbox 199 1503 291 1556; x_wconf 88' lang='lat' dir='ltr'>bulum</span> <span class='ocrx_word' id='word_1_58' title='bbox 312 1503 443 1558; x_wconf 87' lang='lat' dir='ltr'>insomnis</span> <span class='ocrx_word' id='word_1_59' title='bbox 461 1518 548 1558; x_wconf 79' lang='lat' dir='ltr'>servat</span> <span class='ocrx_word' id='word_1_60' title='bbox 562 1518 705 1577; x_wconf 84' lang='lat' dir='ltr'>noctesque</span> <span class='ocrx_word' id='word_1_61' title='bbox 746 1507 875 1578; x_wconf 74' lang='lat' dir='ltr'>glorietur</span> <span class='ocrx_word' id='word_1_62' title='bbox 895 1507 977 1559; x_wconf 89' lang='lat' dir='ltr'>telum</span> <span class='ocrx_word' id='word_1_63' title='bbox 990 1524 1083 1574; x_wconf 78' lang='lat' dir='ltr'>suum,</span> <span class='ocrx_word' id='word_1_64' title='bbox 1096 1519 1126 1560; x_wconf 90' lang='lat' dir='ltr'>ut</span> <span class='ocrx_word' id='word_1_65' title='bbox 1145 1505 1253 1572; x_wconf 79' lang='lat' dir='ltr'>decuit,</span> 
     </span>
     <span class='ocr_line' id='line_1_11' title="bbox 202 1581 1254 1658; baseline 0.005 -23"><span class='ocrx_word' id='word_1_66' title='bbox 202 1581 316 1654; x_wconf 78' lang='lat' dir='ltr'>diesque.</span> <span class='ocrx_word' id='word_1_67' title='bbox 334 1608 346 1630; x_wconf 77' lang='grc' dir='ltr'>ι</span> <span class='ocrx_word' id='word_1_68' title='bbox 747 1605 762 1638; x_wconf 87' lang='lat' dir='ltr'>a</span> <span class='ocrx_word' id='word_1_69' title='bbox 778 1585 915 1658; x_wconf 88' lang='lat' dir='ltr'>proposito</span> <span class='ocrx_word' id='word_1_70' title='bbox 930 1603 1011 1656; x_wconf 88' lang='lat' dir='ltr'>scopo</span> <span class='ocrx_word' id='word_1_71' title='bbox 1023 1604 1077 1638; x_wconf 89' lang='lat' dir='ltr'>non</span> <span class='ocrx_word' id='word_1_72' title='bbox 1095 1586 1254 1642; x_wconf 67' lang='lat' dir='ltr'>aberravisse</span> 
     </span>
     <span class='ocr_line' id='line_1_12' title="bbox 238 1656 1253 1736; baseline 0.002 -19"><span class='ocrx_word' id='word_1_73' title='bbox 238 1665 303 1733; x_wconf 84' lang='lat'>987.</span> <span class='ocrx_word' id='word_1_74' title='bbox 318 1661 369 1716; x_wconf 82' lang='lat' dir='ltr'>Sed</span> <span class='ocrx_word' id='word_1_75' title='bbox 382 1681 433 1714; x_wconf 79' lang='lat' dir='ltr'>ecee</span> <span class='ocrx_word' id='word_1_76' title='bbox 442 1664 530 1733; x_wconf 83' lang='lat' dir='ltr'>proles.</span> <span class='ocrx_word' id='word_1_77' title='bbox 548 1663 630 1717; x_wconf 76' lang='lat' dir='ltr'>Filios</span> <span class='ocrx_word' id='word_1_78' title='bbox 643 1683 704 1718; x_wconf 86' lang='lat' dir='ltr'>suos</span> <span class='ocrx_word' id='word_1_79' title='bbox 746 1656 823 1733; x_wconf 87' lang='lat' dir='ltr'>(Vid.</span> <span class='ocrx_word' id='word_1_80' title='bbox 837 1664 961 1736; x_wconf 87' lang='lat' dir='ltr'>Sopboel.</span> <span class='ocrx_word' id='word_1_81' title='bbox 972 1664 1085 1718; x_wconf 90' lang='lat' dir='ltr'>Philoct.</span> <span class='ocrx_word' id='word_1_82' title='bbox 1103 1672 1173 1730; x_wconf 73' lang='lat'>1043</span> <span class='ocrx_word' id='word_1_83' title='bbox 1188 1667 1253 1719; x_wconf 91' lang='lat' dir='ltr'>Pro·</span> 
     </span>
     <span class='ocr_line' id='line_1_13' title="bbox 198 1740 1252 1816; baseline 0.006 -22"><span class='ocrx_word' id='word_1_84' title='bbox 198 1740 263 1813; x_wconf 82' lang='lat' dir='ltr'>Lyci</span> <span class='ocrx_word' id='word_1_85' title='bbox 278 1743 398 1795; x_wconf 78' lang='lat' dir='ltr'>sobolem</span> <span class='ocrx_word' id='word_1_86' title='bbox 412 1761 467 1796; x_wconf 88' lang='lat' dir='ltr'>esse</span> <span class='ocrx_word' id='word_1_87' title='bbox 485 1744 633 1808; x_wconf 81' lang='lat' dir='ltr'>existimat,</span> <span class='ocrx_word' id='word_1_88' title='bbox 650 1755 704 1810; x_wconf 89' lang='lat' dir='ltr'>ut,</span> <span class='ocrx_word' id='word_1_89' title='bbox 745 1758 812 1816; x_wconf 88' lang='lat' dir='ltr'>pert.</span> <span class='ocrx_word' id='word_1_90' title='bbox 828 1745 879 1812; x_wconf 90' lang='lat' dir='ltr'>lV,</span> <span class='ocrx_word' id='word_1_91' title='bbox 895 1763 946 1808; x_wconf 87' lang='lat' dir='ltr'>ro,</span> <span class='ocrx_word' id='word_1_92' title='bbox 961 1761 987 1797; x_wconf 80' lang='lat' dir='ltr'>v.</span> <span class='ocrx_word' id='word_1_93' title='bbox 1004 1751 1056 1809; x_wconf 68' lang='lat'>403</span> <span class='ocrx_word' id='word_1_94' title='bbox 1071 1745 1160 1798; x_wconf 78' lang='lat' dir='ltr'>Nostri</span> <span class='ocrx_word' id='word_1_95' title='bbox 1173 1745 1252 1800; x_wconf 85' lang='lat' dir='ltr'>llere.</span> 
     </span>
     <span class='ocr_line' id='line_1_14' title="bbox 198 1814 1252 1895; baseline 0.004 -21"><span class='ocrx_word' id='word_1_96' title='bbox 198 1819 267 1892; x_wconf 85' lang='lat' dir='ltr'>apud</span> <span class='ocrx_word' id='word_1_97' title='bbox 276 1820 431 1894; x_wconf 84' lang='lat' dir='ltr'>Euripidem</span> <span class='ocrx_word' id='word_1_98' title='bbox 442 1821 601 1892; x_wconf 83' lang='lat' dir='ltr'>,Eurysthei</span> <span class='ocrx_word' id='word_1_99' title='bbox 611 1814 703 1890; x_wconf 86' lang='lat' dir='ltr'>(Herc.</span> <span class='ocrx_word' id='word_1_100' title='bbox 746 1824 808 1878; x_wconf 86' lang='lat' dir='ltr'>OEt.</span> <span class='ocrx_word' id='word_1_101' title='bbox 828 1824 899 1878; x_wconf 78' lang='lat'>1652</span> <span class='ocrx_word' id='word_1_102' title='bbox 914 1815 933 1891; x_wconf 88' lang='lat'>)</span> <span class='ocrx_word' id='word_1_103' title='bbox 953 1824 1094 1895; x_wconf 74' lang='lat' dir='ltr'>Sequentia</span> <span class='ocrx_word' id='word_1_104' title='bbox 1106 1837 1197 1878; x_wconf 86' lang='lat' dir='ltr'>tutem</span> <span class='ocrx_word' id='word_1_105' title='bbox 1211 1825 1252 1877; x_wconf 92' lang='lat' dir='ltr'>in-</span> 
     </span>
     <span class='ocr_line' id='line_1_15' title="bbox 198 1899 1252 1975; baseline 0.004 -21"><span class='ocrx_word' id='word_1_106' title='bbox 198 1899 249 1955; x_wconf 90' lang='lat' dir='ltr'>lur.</span> <span class='ocrx_word' id='word_1_107' title='bbox 263 1920 320 1971; x_wconf 82' lang='lat'>970</span> <span class='ocrx_word' id='word_1_108' title='bbox 334 1915 361 1954; x_wconf 90' lang='lat' dir='ltr'>et</span> <span class='ocrx_word' id='word_1_109' title='bbox 375 1903 431 1970; x_wconf 79' lang='lat'>982</span> <span class='ocrx_word' id='word_1_110' title='bbox 441 1899 460 1966; x_wconf 85' lang='lat'>).</span> <span class='ocrx_word' id='word_1_111' title='bbox 473 1903 584 1956; x_wconf 77' lang='lat' dir='ltr'>Constat</span> <span class='ocrx_word' id='word_1_112' title='bbox 594 1901 703 1974; x_wconf 85' lang='lat' dir='ltr'>quidem</span> <span class='ocrx_word' id='word_1_113' title='bbox 746 1905 962 1975; x_wconf 79' lang='lat' dir='ltr'>terpretationem</span> <span class='ocrx_word' id='word_1_114' title='bbox 975 1903 1108 1957; x_wconf 88' lang='lat' dir='ltr'>Delrionis</span> <span class='ocrx_word' id='word_1_115' title='bbox 1121 1905 1199 1974; x_wconf 81' lang='lat' dir='ltr'>plene</span> <span class='ocrx_word' id='word_1_116' title='bbox 1210 1923 1252 1959; x_wconf 90' lang='lat' dir='ltr'>re-</span> 
     </span>
     <span class='ocr_line' id='line_1_16' title="bbox 198 1979 1252 2055; baseline 0.003 -21"><span class='ocrx_word' id='word_1_117' title='bbox 198 1999 228 2034; x_wconf 80' lang='lat' dir='ltr'>ex</span> <span class='ocrx_word' id='word_1_118' title='bbox 236 1982 319 2034; x_wconf 81' lang='lat' dir='ltr'>serbo</span> <span class='ocrx_word' id='word_1_119' title='bbox 325 1982 385 2033; x_wconf 80' lang='lat' dir='ltr'>latet</span> <span class='ocrx_word' id='word_1_120' title='bbox 391 1981 488 2052; x_wconf 77' lang='lat' dir='ltr'>fugisse</span> <span class='ocrx_word' id='word_1_121' title='bbox 497 2000 607 2053; x_wconf 88' lang='lat' dir='ltr'>pueros,</span> <span class='ocrx_word' id='word_1_122' title='bbox 614 1983 703 2053; x_wconf 89' lang='lat' dir='ltr'>pulsos</span> <span class='ocrx_word' id='word_1_123' title='bbox 745 1984 840 2049; x_wconf 75' lang='lat' dir='ltr'>lellunt</span> <span class='ocrx_word' id='word_1_124' title='bbox 852 2003 859 2035; x_wconf 75' lang='grc' dir='ltr'><strong><em>ε</em></strong></span> <span class='ocrx_word' id='word_1_125' title='bbox 871 2000 985 2055; x_wconf 84' lang='lat' dir='ltr'>puerum</span> <span class='ocrx_word' id='word_1_126' title='bbox 995 1979 1116 2036; x_wconf 87' lang='lat' dir='ltr'>nondum</span> <span class='ocrx_word' id='word_1_127' title='bbox 1127 1981 1252 2038; x_wconf 83' lang='lat' dir='ltr'>cecidisse</span> 
     </span>
     <span class='ocr_line' id='line_1_17' title="bbox 198 2059 1251 2134; baseline 0.005 -22"><span class='ocrx_word' id='word_1_128' title='bbox 198 2073 270 2114; x_wconf 85' lang='lat' dir='ltr'>metu</span> <span class='ocrx_word' id='word_1_129' title='bbox 290 2060 395 2132; x_wconf 80' lang='lat' dir='ltr'>paterni</span> <span class='ocrx_word' id='word_1_130' title='bbox 414 2061 528 2126; x_wconf 82' lang='lat' dir='ltr'>luroris,</span> <span class='ocrx_word' id='word_1_131' title='bbox 543 2060 591 2114; x_wconf 85' lang='lat' dir='ltr'>sed</span> <span class='ocrx_word' id='word_1_132' title='bbox 606 2080 651 2114; x_wconf 88' lang='lat' dir='ltr'>eos</span> <span class='ocrx_word' id='word_1_133' title='bbox 670 2063 702 2116; x_wconf 82' lang='lat' dir='ltr'>nh</span> <span class='ocrx_word' id='word_1_134' title='bbox 744 2061 773 2116; x_wconf 88' lang='lat' dir='ltr'>id</span> <span class='ocrx_word' id='word_1_135' title='bbox 795 2063 903 2134; x_wconf 80' lang='lat' dir='ltr'>probat,</span> <span class='ocrx_word' id='word_1_136' title='bbox 919 2059 993 2134; x_wconf 88' lang='lat' dir='ltr'>quod</span> <span class='ocrx_word' id='word_1_137' title='bbox 1012 2061 1187 2134; x_wconf 74' lang='lat' dir='ltr'>Amphitryon</span> <span class='ocrx_word' id='word_1_138' title='bbox 1212 2064 1251 2118; x_wconf 83' lang='lat' dir='ltr'>tei</span> 
     </span>
     <span class='ocr_line' id='line_1_18' title="bbox 197 2137 1250 2214; baseline 0.002 -20"><span class='ocrx_word' id='word_1_139' title='bbox 197 2137 312 2194; x_wconf 79' lang='lat' dir='ltr'>ttercule</span> <span class='ocrx_word' id='word_1_140' title='bbox 318 2140 448 2212; x_wconf 84' lang='lat' dir='ltr'>prospici,</span> <span class='ocrx_word' id='word_1_141' title='bbox 458 2141 577 2212; x_wconf 80' lang='lat' dir='ltr'>quamvis</span> <span class='ocrx_word' id='word_1_142' title='bbox 585 2153 704 2212; x_wconf 83' lang='lat' dir='ltr'>speotsu·</span> <span class='ocrx_word' id='word_1_143' title='bbox 746 2155 863 2212; x_wconf 83' lang='lat' dir='ltr'>tempora</span> <span class='ocrx_word' id='word_1_144' title='bbox 885 2143 974 2194; x_wconf 85' lang='lat' dir='ltr'>omnia</span> <span class='ocrx_word' id='word_1_145' title='bbox 990 2153 1016 2194; x_wconf 88' lang='lat' dir='ltr'>et</span> <span class='ocrx_word' id='word_1_146' title='bbox 1032 2141 1115 2195; x_wconf 78' lang='lat' dir='ltr'>veluti</span> <span class='ocrx_word' id='word_1_147' title='bbox 1132 2142 1250 2214; x_wconf 78' lang='lat' dir='ltr'>singulos</span> 
     </span>
     <span class='ocr_line' id='line_1_19' title="bbox 198 2219 1251 2292; baseline 0.002 -20"><span class='ocrx_word' id='word_1_148' title='bbox 198 2219 267 2272; x_wconf 86' lang='lat' dir='ltr'>tibus</span> <span class='ocrx_word' id='word_1_149' title='bbox 286 2238 343 2272; x_wconf 92' lang='lat' dir='ltr'>non</span> <span class='ocrx_word' id='word_1_150' title='bbox 369 2231 521 2274; x_wconf 78' lang='lat' dir='ltr'>cernentur.</span> <span class='ocrx_word' id='word_1_151' title='bbox 535 2220 597 2274; x_wconf 88' lang='lat' dir='ltr'>Post</span> <span class='ocrx_word' id='word_1_152' title='bbox 624 2221 703 2286; x_wconf 74' lang='lat' dir='ltr'>hcc,</span> <span class='ocrx_word' id='word_1_153' title='bbox 743 2219 839 2292; x_wconf 72' lang='lat' dir='ltr'>gradus</span> <span class='ocrx_word' id='word_1_154' title='bbox 859 2234 951 2285; x_wconf 86' lang='lat' dir='ltr'>notat,</span> <span class='ocrx_word' id='word_1_155' title='bbox 964 2221 1040 2290; x_wconf 73' lang='lat' dir='ltr'>fluit</span> <span class='ocrx_word' id='word_1_156' title='bbox 1058 2239 1158 2284; x_wconf 80' lang='lat' dir='ltr'>arcum,</span> <span class='ocrx_word' id='word_1_157' title='bbox 1180 2223 1251 2274; x_wconf 81' lang='lat' dir='ltr'>solvit</span> 
     </span>
     <span class='ocr_line' id='line_1_20' title="bbox 198 2299 1251 2371; baseline 0.006 -23"><span class='ocrx_word' id='word_1_158' title='bbox 198 2299 245 2354; x_wconf 70' lang='lat' dir='ltr'>eota</span> <span class='ocrx_word' id='word_1_159' title='bbox 254 2301 289 2351; x_wconf 75' lang='lat' dir='ltr'>sia</span> <span class='ocrx_word' id='word_1_160' title='bbox 299 2302 362 2352; x_wconf 79' lang='lat' dir='ltr'>utut</span> <span class='ocrx_word' id='word_1_161' title='bbox 372 2299 438 2350; x_wconf 78' lang='lat' dir='ltr'>decet</span> <span class='ocrx_word' id='word_1_162' title='bbox 447 2299 583 2364; x_wconf 81' lang='lat' dir='ltr'>Herculea,</span> <span class='ocrx_word' id='word_1_163' title='bbox 596 2317 611 2351; x_wconf 85' lang='lat' dir='ltr'>c</span> <span class='ocrx_word' id='word_1_164' title='bbox 624 2317 703 2352; x_wconf 79' lang='lat' dir='ltr'>scena</span> <span class='ocrx_word' id='word_1_165' title='bbox 740 2301 895 2371; x_wconf 75' lang='lat' dir='ltr'>pharetram,</span> <span class='ocrx_word' id='word_1_166' title='bbox 907 2301 993 2352; x_wconf 81' lang='lat' dir='ltr'>stridet</span> <span class='ocrx_word' id='word_1_167' title='bbox 1006 2300 1118 2362; x_wconf 65' lang='lat' dir='ltr'>amadus</span> <span class='ocrx_word' id='word_1_168' title='bbox 1133 2301 1173 2366; x_wconf 84' lang='lat' dir='ltr'>si,</span> <span class='ocrx_word' id='word_1_169' title='bbox 1185 2299 1251 2354; x_wconf 86' lang='lat' dir='ltr'>dunt</span> 
     </span>
     <span class='ocr_line' id='line_1_21' title="bbox 196 2377 1251 2451; baseline 0.005 -21"><span class='ocrx_word' id='word_1_170' title='bbox 196 2391 395 2450; x_wconf 82' lang='lat' dir='ltr'>conspectuque</span> <span class='ocrx_word' id='word_1_171' title='bbox 414 2377 575 2432; x_wconf 77' lang='lat' dir='ltr'>adstantium</span> <span class='ocrx_word' id='word_1_172' title='bbox 599 2379 703 2450; x_wconf 78' lang='lat' dir='ltr'>prosilit</span> <span class='ocrx_word' id='word_1_173' title='bbox 743 2379 886 2451; x_wconf 81' lang='lat' dir='ltr'>loquitur,</span> <span class='ocrx_word' id='word_1_174' title='bbox 912 2378 1007 2432; x_wconf 89' lang='lat' dir='ltr'>stridet</span> <span class='ocrx_word' id='word_1_175' title='bbox 1029 2378 1153 2445; x_wconf 78' lang='lat' dir='ltr'>arundo,</span> <span class='ocrx_word' id='word_1_176' title='bbox 1178 2393 1251 2451; x_wconf 81' lang='lat' dir='ltr'>putot</span> 
     </span>
     <span class='ocr_line' id='line_1_22' title="bbox 197 2457 1249 2532; baseline 0 -20"><span class='ocrx_word' id='word_1_177' title='bbox 197 2457 323 2512; x_wconf 74' lang='lat' dir='ltr'>fluente·</span> <span class='ocrx_word' id='word_1_178' title='bbox 335 2458 542 2512; x_wconf 86' lang='lat' dir='ltr'>unumeliberis</span> <span class='ocrx_word' id='word_1_179' title='bbox 552 2459 702 2524; x_wconf 60' lang='lat' dir='ltr'>occisurum</span> <span class='ocrx_word' id='word_1_180' title='bbox 744 2460 842 2512; x_wconf 78' lang='lat' dir='ltr'>vulnus</span> <span class='ocrx_word' id='word_1_181' title='bbox 862 2477 916 2512; x_wconf 87' lang='lat' dir='ltr'>non</span> <span class='ocrx_word' id='word_1_182' title='bbox 936 2459 1146 2525; x_wconf 69' lang='lat' dir='ltr'>luctaminum,</span> <span class='ocrx_word' id='word_1_183' title='bbox 1162 2459 1249 2532; x_wconf 88' lang='lat' dir='ltr'>prius-</span> 
     </span>
     <span class='ocr_line' id='line_1_23' title="bbox 196 2535 1250 2610; baseline 0.002 -20"><span class='ocrx_word' id='word_1_184' title='bbox 196 2535 242 2590; x_wconf 88' lang='lat' dir='ltr'>sed</span> <span class='ocrx_word' id='word_1_185' title='bbox 256 2555 318 2608; x_wconf 74' lang='lat' dir='ltr'>qua</span> <span class='ocrx_word' id='word_1_186' title='bbox 324 2540 378 2608; x_wconf 81' lang='lat' dir='ltr'>jam</span> <span class='ocrx_word' id='word_1_187' title='bbox 388 2556 443 2591; x_wconf 90' lang='lat' dir='ltr'>non</span> <span class='ocrx_word' id='word_1_188' title='bbox 454 2537 547 2590; x_wconf 88' lang='lat' dir='ltr'>vident</span> <span class='ocrx_word' id='word_1_189' title='bbox 558 2537 702 2602; x_wconf 75' lang='lat' dir='ltr'>adstantes,</span> <span class='ocrx_word' id='word_1_190' title='bbox 744 2556 824 2609; x_wconf 86' lang='lat' dir='ltr'>quam</span> <span class='ocrx_word' id='word_1_191' title='bbox 838 2540 998 2610; x_wconf 85' lang='lat' dir='ltr'>loqueretur.</span> <span class='ocrx_word' id='word_1_192' title='bbox 1011 2537 1072 2590; x_wconf 86' lang='lat' dir='ltr'>Non</span> <span class='ocrx_word' id='word_1_193' title='bbox 1083 2537 1156 2610; x_wconf 87' lang='lat' dir='ltr'>quod</span> <span class='ocrx_word' id='word_1_194' title='bbox 1169 2539 1250 2592; x_wconf 81' lang='lat' dir='ltr'>inevi·</span> 
     </span>
     <span class='ocr_line' id='line_1_24' title="bbox 196 2615 1249 2689; baseline 0.002 -19"><span class='ocrx_word' id='word_1_195' title='bbox 196 2615 269 2670; x_wconf 80' lang='lat' dir='ltr'>ridet</span> <span class='ocrx_word' id='word_1_196' title='bbox 277 2617 419 2688; x_wconf 74' lang='lat' dir='ltr'>verbisque</span> <span class='ocrx_word' id='word_1_197' title='bbox 424 2618 505 2671; x_wconf 85' lang='lat' dir='ltr'>relert</span> <span class='ocrx_word' id='word_1_198' title='bbox 513 2618 701 2689; x_wconf 87' lang='lat' dir='ltr'>Amphitryon.</span> <span class='ocrx_word' id='word_1_199' title='bbox 745 2617 834 2671; x_wconf 82' lang='lat' dir='ltr'>tabilin</span> <span class='ocrx_word' id='word_1_200' title='bbox 842 2636 909 2672; x_wconf 84' lang='lat' dir='ltr'>essse</span> <span class='ocrx_word' id='word_1_201' title='bbox 918 2615 1107 2682; x_wconf 74' lang='lat' dir='ltr'>teludeueam,</span> <span class='ocrx_word' id='word_1_202' title='bbox 1119 2615 1165 2671; x_wconf 89' lang='lat' dir='ltr'>sed</span> <span class='ocrx_word' id='word_1_203' title='bbox 1176 2618 1249 2689; x_wconf 91' lang='lat' dir='ltr'>quod</span> 
     </span>
     <span class='ocr_line' id='line_1_25' title="bbox 196 2694 1251 2769; baseline 0.002 -21"><span class='ocrx_word' id='word_1_204' title='bbox 196 2695 275 2750; x_wconf 80' lang='lat' dir='ltr'>Redit</span> <span class='ocrx_word' id='word_1_205' title='bbox 293 2697 423 2750; x_wconf 84' lang='lat' dir='ltr'>Hercules</span> <span class='ocrx_word' id='word_1_206' title='bbox 437 2698 465 2748; x_wconf 90' lang='lat' dir='ltr'>iu</span> <span class='ocrx_word' id='word_1_207' title='bbox 485 2716 609 2762; x_wconf 85' lang='lat' dir='ltr'>scenam,</span> <span class='ocrx_word' id='word_1_208' title='bbox 624 2715 703 2751; x_wconf 82' lang='lat' dir='ltr'>versu</span> <span class='ocrx_word' id='word_1_209' title='bbox 744 2699 865 2768; x_wconf 84' lang='lat' dir='ltr'>tyrannis</span> <span class='ocrx_word' id='word_1_210' title='bbox 878 2697 980 2763; x_wconf 77' lang='lat' dir='ltr'>letalia,</span> <span class='ocrx_word' id='word_1_211' title='bbox 993 2695 1039 2750; x_wconf 91' lang='lat' dir='ltr'>sed</span> <span class='ocrx_word' id='word_1_212' title='bbox 1052 2694 1251 2769; x_wconf 72' lang='lat' dir='ltr'>quodpurgau·</span> 
     </span>
     <span class='ocr_line' id='line_1_26' title="bbox 198 2775 1248 2848; baseline 0 -18"><span class='ocrx_word' id='word_1_213' title='bbox 198 2777 271 2846; x_wconf 84' lang='grc'>995,</span> <span class='ocrx_word' id='word_1_214' title='bbox 286 2795 380 2830; x_wconf 84' lang='lat' dir='ltr'>ornnes</span> <span class='ocrx_word' id='word_1_215' title='bbox 399 2777 510 2830; x_wconf 81' lang='lat' dir='ltr'>latebras</span> <span class='ocrx_word' id='word_1_216' title='bbox 528 2795 702 2840; x_wconf 84' lang='lat' dir='ltr'>excussurus,</span> <span class='ocrx_word' id='word_1_217' title='bbox 745 2776 786 2830; x_wconf 89' lang='lat' dir='ltr'>dis</span> <span class='ocrx_word' id='word_1_218' title='bbox 792 2778 869 2830; x_wconf 86' lang='lat' dir='ltr'>terris</span> <span class='ocrx_word' id='word_1_219' title='bbox 877 2775 996 2838; x_wconf 76' lang='lat' dir='ltr'>addicta,</span> <span class='ocrx_word' id='word_1_220' title='bbox 1006 2778 1107 2848; x_wconf 79' lang='lat' dir='ltr'>jactitat</span> <span class='ocrx_word' id='word_1_221' title='bbox 1115 2777 1248 2831; x_wconf 87' lang='lat' dir='ltr'>Hercules.</span> 
     </span>
     <span class='ocr_line' id='line_1_27' title="bbox 196 2851 1250 2927; baseline 0.002 -19"><span class='ocrx_word' id='word_1_222' title='bbox 196 2855 335 2927; x_wconf 83' lang='lat' dir='ltr'>ruptisqtre</span> <span class='ocrx_word' id='word_1_223' title='bbox 359 2856 437 2927; x_wconf 76' lang='lat' dir='ltr'>regia</span> <span class='ocrx_word' id='word_1_224' title='bbox 459 2857 599 2926; x_wconf 83' lang='lat' dir='ltr'>postibus,</span> <span class='ocrx_word' id='word_1_225' title='bbox 622 2857 703 2908; x_wconf 82' lang='lat' dir='ltr'>alium</span> <span class='ocrx_word' id='word_1_226' title='bbox 744 2851 924 2918; x_wconf 76' lang='lat' dir='ltr'>Referendum</span> <span class='ocrx_word' id='word_1_227' title='bbox 933 2869 973 2910; x_wconf 86' lang='lat' dir='ltr'>est</span> <span class='ocrx_word' id='word_1_228' title='bbox 984 2859 1019 2908; x_wconf 84' lang='lat' dir='ltr'>sir</span> <span class='ocrx_word' id='word_1_229' title='bbox 1033 2859 1096 2908; x_wconf 83' lang='lat' dir='ltr'>mitti</span> <span class='ocrx_word' id='word_1_230' title='bbox 1105 2854 1138 2908; x_wconf 84' lang='lat' dir='ltr'>nd</span> <span class='ocrx_word' id='word_1_231' title='bbox 1151 2875 1250 2927; x_wconf 79' lang='lat' dir='ltr'>prace-</span> 
     </span>
     <span class='ocr_line' id='line_1_28' title="bbox 196 2932 1247 3007; baseline 0.001 -20"><span class='ocrx_word' id='word_1_232' title='bbox 196 2932 372 3005; x_wconf 84' lang='lat' dir='ltr'>deprehendit</span> <span class='ocrx_word' id='word_1_233' title='bbox 382 2954 509 3006; x_wconf 87' lang='lat' dir='ltr'>puerum,</span> <span class='ocrx_word' id='word_1_234' title='bbox 522 2935 555 2989; x_wconf 86' lang='lat' dir='ltr'>nd</span> <span class='ocrx_word' id='word_1_235' title='bbox 569 2954 646 3007; x_wconf 88' lang='lat' dir='ltr'>quem</span> <span class='ocrx_word' id='word_1_236' title='bbox 661 2941 702 2990; x_wconf 87' lang='lat' dir='ltr'>in·</span> <span class='ocrx_word' id='word_1_237' title='bbox 745 2935 850 3002; x_wconf 77' lang='lat' dir='ltr'>dentis,</span> <span class='ocrx_word' id='word_1_238' title='bbox 863 2936 882 2991; x_wconf 90' lang='lat' dir='ltr'>i.</span> <span class='ocrx_word' id='word_1_239' title='bbox 896 2956 919 2989; x_wconf 93' lang='lat' dir='ltr'>e.</span> <span class='ocrx_word' id='word_1_240' title='bbox 933 2937 962 2988; x_wconf 90' lang='lat' dir='ltr'>iu</span> <span class='ocrx_word' id='word_1_241' title='bbox 969 2937 1061 3007; x_wconf 82' lang='lat' dir='ltr'>prolem</span> <span class='ocrx_word' id='word_1_242' title='bbox 1072 2939 1135 3004; x_wconf 75' lang='lat' dir='ltr'>regis</span> <span class='ocrx_word' id='word_1_243' title='bbox 1145 2939 1247 3000; x_wconf 79' lang='lat' dir='ltr'>inimici,</span> 
     </span>
     <span class='ocr_line' id='line_1_29' title="bbox 197 3013 1170 3085; baseline -0.002 -17"><span class='ocrx_word' id='word_1_244' title='bbox 197 3013 382 3068; x_wconf 79' lang='lat' dir='ltr'>terficiendum</span> <span class='ocrx_word' id='word_1_245' title='bbox 394 3014 496 3080; x_wconf 80' lang='lat' dir='ltr'>evolat¹</span> <span class='ocrx_word' id='word_1_246' title='bbox 510 3029 644 3080; x_wconf 88' lang='lat' dir='ltr'>manente,</span> <span class='ocrx_word' id='word_1_247' title='bbox 657 3027 703 3081; x_wconf 88' lang='lat' dir='ltr'>ut,</span> <span class='ocrx_word' id='word_1_248' title='bbox 745 3016 774 3068; x_wconf 87' lang='lat' dir='ltr'>iu</span> <span class='ocrx_word' id='word_1_249' title='bbox 781 3016 909 3083; x_wconf 69' lang='lat' dir='ltr'>restrudus·</span> <span class='ocrx_word' id='word_1_250' title='bbox 920 3035 996 3066; x_wconf 78' lang='lat' dir='ltr'>semera</span> <span class='ocrx_word' id='word_1_251' title='bbox 1006 3018 1075 3068; x_wconf 66' lang='lat' dir='ltr'>torui</span> <span class='ocrx_word' id='word_1_252' title='bbox 1082 3018 1170 3085; x_wconf 77' lang='lat' dir='ltr'>putris.</span> 
     </span>
     <span class='ocr_line' id='line_1_30' title="bbox 196 3093 1251 3166; baseline 0 -20"><span class='ocrx_word' id='word_1_253' title='bbox 196 3111 297 3164; x_wconf 88' lang='lat' dir='ltr'>supra,</span> <span class='ocrx_word' id='word_1_254' title='bbox 323 3095 522 3166; x_wconf 82' lang='lat' dir='ltr'>Amphitryone</span> <span class='ocrx_word' id='word_1_255' title='bbox 548 3107 575 3147; x_wconf 89' lang='lat' dir='ltr'>et</span> <span class='ocrx_word' id='word_1_256' title='bbox 603 3093 701 3148; x_wconf 76' lang='lat' dir='ltr'>eudem</span> <span class='ocrx_word' id='word_1_257' title='bbox 785 3115 851 3166; x_wconf 80' lang='lat'>99²·</span> <span class='ocrx_word' id='word_1_258' title='bbox 870 3095 1062 3165; x_wconf 68' lang='grc' dir='ltr'><strong><em>Ουαοιίιβαίι,</em></strong></span> <span class='ocrx_word' id='word_1_259' title='bbox 1082 3107 1132 3147; x_wconf 88' lang='lat' dir='ltr'>ete.</span> <span class='ocrx_word' id='word_1_260' title='bbox 1150 3095 1251 3146; x_wconf 87' lang='lat' dir='ltr'>Arcum</span> 
     </span>
     <span class='ocr_line' id='line_1_31' title="bbox 197 3171 1251 3246; baseline 0 -21"><span class='ocrx_word' id='word_1_261' title='bbox 197 3171 369 3228; x_wconf 79' lang='lat' dir='ltr'>describente.</span> <span class='ocrx_word' id='word_1_262' title='bbox 381 3175 458 3228; x_wconf 87' lang='lat' dir='ltr'>Tunc</span> <span class='ocrx_word' id='word_1_263' title='bbox 472 3176 593 3246; x_wconf 75' lang='lat' dir='ltr'>Megara,</span> <span class='ocrx_word' id='word_1_264' title='bbox 602 3193 659 3246; x_wconf 79' lang='lat' dir='ltr'>que</span> <span class='ocrx_word' id='word_1_265' title='bbox 674 3193 702 3227; x_wconf 91' lang='lat' dir='ltr'>se</span> <span class='ocrx_word' id='word_1_266' title='bbox 744 3175 871 3239; x_wconf 86' lang='lat' dir='ltr'>tetendit,</span> <span class='ocrx_word' id='word_1_267' title='bbox 889 3172 962 3244; x_wconf 87' lang='lat' dir='ltr'>quod</span> <span class='ocrx_word' id='word_1_268' title='bbox 985 3191 1040 3226; x_wconf 84' lang='lat' dir='ltr'>uon</span> <span class='ocrx_word' id='word_1_269' title='bbox 1058 3173 1127 3226; x_wconf 84' lang='lat' dir='ltr'>effici</span> <span class='ocrx_word' id='word_1_270' title='bbox 1142 3185 1251 3244; x_wconf 84' lang='lat' dir='ltr'>potest,</span> 
     </span>
     <span class='ocr_line' id='line_1_32' title="bbox 196 3253 1251 3326; baseline 0 -20"><span class='ocrx_word' id='word_1_271' title='bbox 196 3271 259 3306; x_wconf 87' lang='lat' dir='ltr'>cum</span> <span class='ocrx_word' id='word_1_272' title='bbox 266 3253 379 3307; x_wconf 89' lang='lat' dir='ltr'>minimo</span> <span class='ocrx_word' id='word_1_273' title='bbox 386 3253 500 3308; x_wconf 87' lang='lat' dir='ltr'>liliorum</span> <span class='ocrx_word' id='word_1_274' title='bbox 510 3255 703 3321; x_wconf 83' lang='lat' dir='ltr'>occultaverat,</span> <span class='ocrx_word' id='word_1_275' title='bbox 744 3255 810 3326; x_wconf 89' lang='lat' dir='ltr'>quin</span> <span class='ocrx_word' id='word_1_276' title='bbox 832 3271 909 3307; x_wconf 78' lang='lat' dir='ltr'>arcus</span> <span class='ocrx_word' id='word_1_277' title='bbox 930 3270 1030 3306; x_wconf 87' lang='lat' dir='ltr'>cornua</span> <span class='ocrx_word' id='word_1_278' title='bbox 1047 3265 1208 3318; x_wconf 83' lang='lat' dir='ltr'>curventur,</span> <span class='ocrx_word' id='word_1_279' title='bbox 1223 3265 1251 3306; x_wconf 86' lang='lat' dir='ltr'>et</span> 
     </span>
     <span class='ocr_line' id='line_1_33' title="bbox 197 3331 1281 3405; baseline -0.002 -19"><span class='ocrx_word' id='word_1_280' title='bbox 197 3334 332 3405; x_wconf 82' lang='lat' dir='ltr'>perruptis</span> <span class='ocrx_word' id='word_1_281' title='bbox 352 3333 445 3386; x_wconf 82' lang='lat' dir='ltr'>territa</span> <span class='ocrx_word' id='word_1_282' title='bbox 466 3334 588 3399; x_wconf 83' lang='lat' dir='ltr'>latebris,</span> <span class='ocrx_word' id='word_1_283' title='bbox 601 3334 629 3387; x_wconf 94' lang='lat' dir='ltr'>iu</span> <span class='ocrx_word' id='word_1_284' title='bbox 646 3351 701 3386; x_wconf 86' lang='lat' dir='ltr'>sce·</span> <span class='ocrx_word' id='word_1_285' title='bbox 744 3334 854 3405; x_wconf 90' lang='lat' dir='ltr'>propius</span> <span class='ocrx_word' id='word_1_286' title='bbox 873 3331 1045 3388; x_wconf 74' lang='lat' dir='ltr'>admoveatur</span> <span class='ocrx_word' id='word_1_287' title='bbox 1065 3344 1122 3385; x_wconf 89' lang='lat' dir='ltr'>tum</span> <span class='ocrx_word' id='word_1_288' title='bbox 1138 3332 1250 3385; x_wconf 75' lang='lat' dir='ltr'>alterum</span> <span class='ocrx_word' id='word_1_289' title='bbox 1279 3358 1281 3366; x_wconf 46' lang='lat' dir='ltr'>v</span> 
     </span>
     <span class='ocr_line' id='line_1_34' title="bbox 197 3411 1251 3486; baseline -0.005 -18"><span class='ocrx_word' id='word_1_290' title='bbox 197 3431 258 3468; x_wconf 79' lang='lat' dir='ltr'>nam</span> <span class='ocrx_word' id='word_1_291' title='bbox 288 3413 404 3467; x_wconf 81' lang='lat' dir='ltr'>recurrit</span> <span class='ocrx_word' id='word_1_292' title='bbox 427 3432 528 3467; x_wconf 82' lang='lat' dir='ltr'>norum</span> <span class='ocrx_word' id='word_1_293' title='bbox 556 3414 701 3486; x_wconf 90' lang='lat' dir='ltr'>hospitium</span> <span class='ocrx_word' id='word_1_294' title='bbox 745 3412 833 3478; x_wconf 83' lang='lat' dir='ltr'>alteri,</span> <span class='ocrx_word' id='word_1_295' title='bbox 848 3425 904 3466; x_wconf 88' lang='lat' dir='ltr'>tum</span> <span class='ocrx_word' id='word_1_296' title='bbox 919 3411 1195 3482; x_wconf 78' lang='lat' dir='ltr'>utrumquessgittam</span> <span class='ocrx_word' id='word_1_297' title='bbox 1203 3429 1251 3482; x_wconf 84' lang='lat' dir='ltr'>pu-</span> 
     </span>
     <span class='ocr_line' id='line_1_35' title="bbox 198 3491 964 3564; baseline 0 -20"><span class='ocrx_word' id='word_1_298' title='bbox 198 3493 355 3564; x_wconf 71' lang='lat' dir='ltr'>quesitum</span> <span class='ocrx_word' id='word_1_299' title='bbox 367 3491 415 3546; x_wconf 85' lang='lat' dir='ltr'>sed</span> <span class='ocrx_word' id='word_1_300' title='bbox 426 3495 480 3558; x_wconf 75' lang='lat' dir='ltr'>ruit</span> <span class='ocrx_word' id='word_1_301' title='bbox 490 3493 617 3547; x_wconf 83' lang='lat' dir='ltr'>Hercules</span> <span class='ocrx_word' id='word_1_302' title='bbox 626 3494 654 3546; x_wconf 90' lang='lat' dir='ltr'>in</span> <span class='ocrx_word' id='word_1_303' title='bbox 663 3491 704 3546; x_wconf 80' lang='lat' dir='ltr'>fu·</span> <span class='ocrx_word' id='word_1_304' title='bbox 745 3493 816 3551; x_wconf 84' lang='lat' dir='ltr'>muti</span> <span class='ocrx_word' id='word_1_305' title='bbox 835 3494 964 3546; x_wconf 84' lang='lat' dir='ltr'>emittere.</span> 
     </span>
     <span class='ocr_line' id='line_1_36' title="bbox 197 3569 1252 3645; baseline -0.001 -21"><span class='ocrx_word' id='word_1_306' title='bbox 197 3571 331 3642; x_wconf 78' lang='lat' dir='ltr'>gientem,</span> <span class='ocrx_word' id='word_1_307' title='bbox 350 3587 376 3624; x_wconf 86' lang='lat' dir='ltr'>et</span> <span class='ocrx_word' id='word_1_308' title='bbox 397 3574 493 3627; x_wconf 87' lang='lat' dir='ltr'>lrustra</span> <span class='ocrx_word' id='word_1_309' title='bbox 510 3573 702 3645; x_wconf 71' lang='lat' dir='ltr'>supplicantem</span> <span class='ocrx_word' id='word_1_310' title='bbox 786 3569 1252 3643; x_wconf 78' lang='lat' dir='ltr'>993.leretrnmsolvit.Phsretram</span> 
     </span>
     <span class='ocr_line' id='line_1_37' title="bbox 198 3649 1252 3723; baseline 0.001 -20"><span class='ocrx_word' id='word_1_311' title='bbox 198 3650 267 3705; x_wconf 84' lang='lat' dir='ltr'>forus</span> <span class='ocrx_word' id='word_1_312' title='bbox 290 3652 436 3717; x_wconf 77' lang='lat' dir='ltr'>abstrahit,</span> <span class='ocrx_word' id='word_1_313' title='bbox 459 3664 489 3707; x_wconf 90' lang='lat' dir='ltr'>ut</span> <span class='ocrx_word' id='word_1_314' title='bbox 512 3664 627 3707; x_wconf 82' lang='lat' dir='ltr'>extrema</span> <span class='ocrx_word' id='word_1_315' title='bbox 648 3652 704 3706; x_wconf 80' lang='lat' dir='ltr'>brec</span> <span class='ocrx_word' id='word_1_316' title='bbox 748 3653 834 3722; x_wconf 86' lang='lat' dir='ltr'>aperit</span> <span class='ocrx_word' id='word_1_317' title='bbox 856 3650 890 3706; x_wconf 80' lang='lat' dir='ltr'>sd</span> <span class='ocrx_word' id='word_1_318' title='bbox 915 3649 1111 3723; x_wconf 80' lang='lat' dir='ltr'>depromendae</span> <span class='ocrx_word' id='word_1_319' title='bbox 1138 3651 1252 3722; x_wconf 72' lang='lat' dir='ltr'>sagittas.</span> 
     </span>
     <span class='ocr_line' id='line_1_38' title="bbox 198 3729 1253 3802; baseline 0 -19"><span class='ocrx_word' id='word_1_320' title='bbox 198 3729 282 3784; x_wconf 71' lang='lat' dir='ltr'>codes</span> <span class='ocrx_word' id='word_1_321' title='bbox 297 3733 474 3802; x_wconf 74' lang='lat' dir='ltr'>spectentium</span> <span class='ocrx_word' id='word_1_322' title='bbox 488 3733 571 3786; x_wconf 88' lang='lat' dir='ltr'>oculis</span> <span class='ocrx_word' id='word_1_323' title='bbox 587 3745 704 3797; x_wconf 76' lang='lat' dir='ltr'>remota,</span> <span class='ocrx_word' id='word_1_324' title='bbox 748 3732 827 3785; x_wconf 85' lang='lat' dir='ltr'>Ovid.</span> <span class='ocrx_word' id='word_1_325' title='bbox 843 3733 953 3786; x_wconf 84' lang='lat' dir='ltr'>Metam.</span> <span class='ocrx_word' id='word_1_326' title='bbox 966 3733 1002 3796; x_wconf 80' lang='lat' dir='ltr'>V,</span> <span class='ocrx_word' id='word_1_327' title='bbox 1016 3731 1090 3800; x_wconf 76' lang='lat'><strong>379:</strong></span> <span class='ocrx_word' id='word_1_328' title='bbox 1106 3753 1117 3774; x_wconf 70' lang='lat' dir='ltr'>e</span> <span class='ocrx_word' id='word_1_329' title='bbox 1130 3731 1179 3784; x_wconf 89' lang='lat' dir='ltr'>Ille</span> <span class='ocrx_word' id='word_1_330' title='bbox 1188 3731 1253 3802; x_wconf 79' lang='lat' dir='ltr'>plta-</span> 
     </span>
     <span class='ocr_line' id='line_1_39' title="bbox 198 3808 1254 3883; baseline -0.001 -21"><span class='ocrx_word' id='word_1_331' title='bbox 198 3811 231 3862; x_wconf 79' lang='lat' dir='ltr'>ab</span> <span class='ocrx_word' id='word_1_332' title='bbox 250 3811 447 3883; x_wconf 77' lang='lat' dir='ltr'>Amphitryone</span> <span class='ocrx_word' id='word_1_333' title='bbox 465 3825 568 3865; x_wconf 82' lang='lat' dir='ltr'>tautum</span> <span class='ocrx_word' id='word_1_334' title='bbox 588 3831 705 3883; x_wconf 86' lang='lat' dir='ltr'>expona·</span> <span class='ocrx_word' id='word_1_335' title='bbox 747 3825 845 3874; x_wconf 80' lang='lat' dir='ltr'>retram</span> <span class='ocrx_word' id='word_1_336' title='bbox 854 3812 990 3880; x_wconf 80' lang='lat' dir='ltr'>Solvit‚et</span> <span class='ocrx_word' id='word_1_337' title='bbox 1001 3811 1110 3864; x_wconf 87' lang='lat' dir='ltr'>arbitrio</span> <span class='ocrx_word' id='word_1_338' title='bbox 1118 3810 1210 3864; x_wconf 84' lang='lat' dir='ltr'>matris</span> <span class='ocrx_word' id='word_1_339' title='bbox 1219 3808 1254 3863; x_wconf 91' lang='lat' dir='ltr'>de</span> 
     </span>
     <span class='ocr_line' id='line_1_40' title="bbox 198 3889 1198 3963; baseline 0 -20"><span class='ocrx_word' id='word_1_340' title='bbox 198 3902 249 3943; x_wconf 88' lang='lat' dir='ltr'>tnr.</span> <span class='ocrx_word' id='word_1_341' title='bbox 261 3889 421 3962; x_wconf 76' lang='lat' dir='ltr'>Regi-editur</span> <span class='ocrx_word' id='word_1_342' title='bbox 430 3891 572 3956; x_wconf 74' lang='lat' dir='ltr'>Hercules,</span> <span class='ocrx_word' id='word_1_343' title='bbox 582 3911 607 3944; x_wconf 86' lang='lat' dir='ltr'>v.</span> <span class='ocrx_word' id='word_1_344' title='bbox 622 3891 703 3945; x_wconf 82' lang='lat'>103⁵.</span> <span class='ocrx_word' id='word_1_345' title='bbox 748 3892 821 3944; x_wconf 86' lang='lat' dir='ltr'>mille</span> <span class='ocrx_word' id='word_1_346' title='bbox 831 3893 930 3963; x_wconf 74' lang='lat' dir='ltr'>sagittis</span> <span class='ocrx_word' id='word_1_347' title='bbox 945 3891 1033 3944; x_wconf 87' lang='lat' dir='ltr'>Unam</span> <span class='ocrx_word' id='word_1_348' title='bbox 1049 3891 1173 3962; x_wconf 86' lang='lat' dir='ltr'>seposuit.</span> <span class='ocrx_word' id='word_1_349' title='bbox 1187 3916 1198 3937; x_wconf 85' lang='lat'><strong>·</strong></span> 
     </span>
     <span class='ocr_line' id='line_1_41' title="bbox 239 3969 1255 4042; baseline -0.003 -18"><span class='ocrx_word' id='word_1_350' title='bbox 239 3989 305 4040; x_wconf 89' lang='lat'>990.</span> <span class='ocrx_word' id='word_1_351' title='bbox 321 3971 424 4024; x_wconf 73' lang='lat' dir='ltr'>Teleste</span> <span class='ocrx_word' id='word_1_352' title='bbox 430 3975 505 4035; x_wconf 86' lang='lat' dir='ltr'>mitti,</span> <span class='ocrx_word' id='word_1_353' title='bbox 518 3985 569 4025; x_wconf 90' lang='lat' dir='ltr'>etc.</span> <span class='ocrx_word' id='word_1_354' title='bbox 583 3969 706 4026; x_wconf 87' lang='lat' dir='ltr'>Credidit</span> <span class='ocrx_word' id='word_1_355' title='bbox 789 3977 856 4041; x_wconf 77' lang='grc'>994.</span> <span class='ocrx_word' id='word_1_356' title='bbox 865 3973 950 4042; x_wconf 69' lang='lat' dir='ltr'>Fugit.</span> <span class='ocrx_word' id='word_1_357' title='bbox 957 3972 1044 4024; x_wconf 76' lang='lat' dir='ltr'>Tanto</span> <span class='ocrx_word' id='word_1_358' title='bbox 1053 3970 1154 4042; x_wconf 87' lang='lat' dir='ltr'>impetu</span> <span class='ocrx_word' id='word_1_359' title='bbox 1163 3969 1255 4040; x_wconf 80' lang='lat' dir='ltr'>sagitta</span> 
     </span>
     <span class='ocr_line' id='line_1_42' title="bbox 199 4048 1255 4123; baseline -0.002 -21"><span class='ocrx_word' id='word_1_360' title='bbox 199 4049 289 4103; x_wconf 86' lang='lat' dir='ltr'>Delrio</span> <span class='ocrx_word' id='word_1_361' title='bbox 297 4050 349 4104; x_wconf 86' lang='lat' dir='ltr'>hoe</span> <span class='ocrx_word' id='word_1_362' title='bbox 356 4050 446 4106; x_wconf 85' lang='lat' dir='ltr'>dicere</span> <span class='ocrx_word' id='word_1_363' title='bbox 453 4052 705 4123; x_wconf 83' lang='lat' dir='ltr'>Herculem,puero,</span> <span class='ocrx_word' id='word_1_364' title='bbox 749 4051 891 4112; x_wconf 86' lang='lat' dir='ltr'>emittitur,</span> <span class='ocrx_word' id='word_1_365' title='bbox 908 4063 939 4104; x_wconf 92' lang='lat' dir='ltr'>ut</span> <span class='ocrx_word' id='word_1_366' title='bbox 956 4069 1004 4121; x_wconf 86' lang='lat' dir='ltr'>per</span> <span class='ocrx_word' id='word_1_367' title='bbox 1022 4048 1138 4102; x_wconf 86' lang='lat' dir='ltr'>medium</span> <span class='ocrx_word' id='word_1_368' title='bbox 1158 4050 1255 4102; x_wconf 84' lang='lat' dir='ltr'>collum</span> 
     </span>
     <span class='ocr_line' id='line_1_43' title="bbox 199 4131 1091 4204; baseline 0 -22"><span class='ocrx_word' id='word_1_369' title='bbox 199 4142 276 4201; x_wconf 76' lang='lat' dir='ltr'>quem</span> <span class='ocrx_word' id='word_1_370' title='bbox 295 4131 415 4201; x_wconf 85' lang='lat' dir='ltr'>petebat,</span> <span class='ocrx_word' id='word_1_371' title='bbox 437 4133 614 4204; x_wconf 79' lang='lat' dir='ltr'>interempto,</span> <span class='ocrx_word' id='word_1_372' title='bbox 633 4132 706 4204; x_wconf 82' lang='lat' dir='ltr'>quasi</span> <span class='ocrx_word' id='word_1_373' title='bbox 750 4145 804 4185; x_wconf 80' lang='lat' dir='ltr'>totu</span> <span class='ocrx_word' id='word_1_374' title='bbox 820 4143 932 4184; x_wconf 71' lang='lat' dir='ltr'>nauseat</span> <span class='ocrx_word' id='word_1_375' title='bbox 947 4131 1091 4201; x_wconf 71' lang='lat' dir='ltr'>fugiatque.</span> 
     </span>
    </p>
   </div>
   <div class='ocr_carea' id='block_1_4' title="bbox 1058 4214 1102 4295">
    <p class='ocr_par' dir='ltr' id='par_1_9' title="bbox 1058 4214 1102 4295">
     <span class='ocr_line' id='line_1_44' title="bbox 1058 4214 1102 4295; baseline 0 -38"><span class='ocrx_word' id='word_1_376' title='bbox 1058 4214 1102 4295; x_wconf 65' lang='lat'>84</span> 
     </span>
    </p>
   </div>
   <div class='ocr_carea' id='block_1_5' title="bbox 0 0 1624 5138">
    <p class='ocr_par' dir='ltr' id='par_1_10' title="bbox 0 0 1624 5138">
     <span class='ocr_line' id='line_1_45' title="bbox 0 0 1624 5138; baseline 0 0"><span class='ocrx_word' id='word_1_377' title='bbox 0 0 1624 5138; x_wconf 95' lang='lat' dir='ltr'> </span> 
     </span>
    </p>
   </div>
  </div>
 </body>
</html>
