3168 5140
469 485 746 554 THYESTES.
775 487 883 554 ncT.
912 489 938 554 l.
1160 511 1236 583 2¹9

232 615 351 684 Libido
371 615 499 683 victrix.
521 617 629 710 Impia
644 629 796 710 stuprum
810 618 845 684 in
860 615 960 686 domo

232 721 448 790 Levissimum
457 722 505 790 sit
519 748 526 789 :
543 721 653 790 fratris
667 736 701 790 et
715 721 763 792 ias
781 736 816 791 et
829 721 912 792 fides

229 831 353 921 iusque
367 849 466 896 omne
480 843 601 922 pereat.
618 829 696 897 Non
712 829 753 897 sit
766 852 786 896 a
800 830 916 898 vestris
933 827 1026 898 malis

231 935 383 1001 Immune
399 930 514 1003 caelum
531 960 538 1002 ε
557 958 618 1004 cur
639 935 763 1003 micant
782 932 882 1004 stellae
899 933 993 1029 polo,

231 1037 449 1132 Flammaeque
466 1054 599 1109 servant
612 1039 759 1110 debitum
773 1039 898 1110 mundo
913 1039 1034 1112 decus?

231 1148 306 1214 Nox
322 1160 392 1214 atra
409 1144 487 1232 fiat,
500 1147 630 1216 excidat
645 1145 725 1215 caelo
738 1144 817 1214 dies.

232 1252 334 1320 Misce
352 1265 487 1345 penates
507 1277 514 1320 :
534 1251 627 1338 odis,
647 1251 771 1335 caedes,
786 1251 903 1320 lunera

231 1360 383 1444 Arcens,
401 1355 445 1425 et
456 1355 556 1453 imple
571 1355 709 1427 Tantalo
725 1371 829 1426 totam
844 1356 990 1426 domum.

232 1465 379 1531 Ornetur
396 1462 689 1549 altum·columen‚
709 1477 744 1532 et
764 1460 858 1532 lauro
876 1462 963 1534 iores

231 1571 329 1638 Laetae
351 1569 539 1639 virescant:
560 1569 679 1664 dignus
695 1569 841 1638 adventu
859 1582 918 1638 tuo

229 1669 443 1768 Splendcscat
460 1677 564 1770 ignis:
576 1675 754 1745 Thracium
777 1674 836 1744 liat
855 1673 947 1743 nefas

230 1780 358 1872 Majore
376 1805 525 1849 numero.
542 1783 668 1851 Dextra
687 1806 746 1851 cur
763 1781 873 1876 patrui
890 1779 1008 1850 vacat?

229 1885 385 1956 Nondum
405 1885 563 1978 'lbyestes
581 1886 701 1958 liberos
719 1886 819 1956 deflet
837 1884 935 1956 suos?

229 1992 411 2085 Ecquando
431 1991 542 2082 tollet,
564 1993 695 2088 ignibus
714 1993 783 2087 jam
803 1992 942 2061 subditis

217 2233 263 2294 46.
278 2229 375 2299 Inpia,
392 2241 444 2282 etc.
460 2228 570 2294 Oretio,
585 2229 686 2300 quein
730 2229 770 2282 rei
782 2247 861 2282 snum
872 2228 937 2282 celo
948 2225 1118 2299 splendorem
1126 2243 1238 2282 servant.

177 2306 356 2363 muneranda
375 2319 503 2381 nepotum
522 2307 621 2362 scelere
639 2306 687 2362 de·
772 2309 817 2372 54.
833 2307 919 2362 Auum
932 2307 1043 2362 colmam.
1062 2309 1190 2379 «Proprie
1206 2310 1240 2362 si-

178 2388 299 2452 iiexerst,
311 2391 366 2458 jem
379 2387 414 2441 ad
431 2389 535 2442 turem
550 2388 624 2442 Atrei
639 2386 687 2441 de·
729 2386 1242 2459 gnificstcolumen,inquitiulexic.For-
1297 2378 1301 2392 ¹

178 2465 324 2540 pingendos
343 2465 427 2531 redit,
447 2468 586 2540 proprium
608 2468 688 2536 buius
729 2468 1241 2527 sellium,extremnmtectumcuseru·

177 2547 307 2618 trepmdie
314 2560 509 2619 argumentum.
522 2545 589 2600 used
599 2547 627 2600 in
638 2547 687 2600 bac
729 2547 800 2600 eticae
811 2565 858 2599 seu
873 2546 958 2608 ville,
974 2545 1197 2618 quemadmodum
1212 2560 1239 2599 et

178 2627 257 2699 impie
265 2626 346 2680 domo
356 2625 455 2699 aliquid
467 2641 560 2698 stupro
568 2629 643 2698 pejus
653 2628 688 2680 sit
729 2627 834 2689 culmea,
850 2624 923 2698 qnod
936 2626 977 2678 vel
992 2628 1025 2679 ab
1040 2644 1072 2679 eo
1085 2645 1133 2698 per
1146 2645 1240 2699 synco-

177 2706 347 2760 etnocentins
356 2720 482 2779 :pereant
491 2709 529 2761 ias
540 2719 566 2759 et
578 2705 653 2772 fides,
661 2719 688 2759 et
729 2725 781 2777 pen
793 2706 839 2771 fit,
851 2706 892 2759 vel
905 2704 1002 2758 inserts
1016 2723 1065 2776 per
1075 2706 1240 2777 epenthesim

176 2786 219 2855 jus
230 2787 327 2840 fratris.
340 2813 351 2833 ι
729 2785 830 2849 vocali,
844 2786 933 2856 ipsum
949 2797 1031 2839 creat.
1044 2811 1054 2832 ι
1069 2785 1121 2840 Sed
1135 2786 1170 2838 ita
1184 2787 1241 2856 ple·

216 2873 265 2935 47.
276 2867 372 2918 Fmtn's
386 2879 409 2918 et
417 2868 472 2933 fas,
487 2879 537 2920 etc.
554 2865 686 2919 Fraterne
728 2883 841 2936 rumque
854 2862 889 2917 do
904 2881 1008 2918 summo
1021 2883 1240 2936 quarumcunque

175 2943 391 3010 necessitudinis,
409 2958 441 3018 ut
459 2959 531 2999 recte
551 2943 687 2998 adnotavit
730 2943 825 2999 sedium
839 2955 909 2998 tecto
919 2942 1025 2998 dicitur.
1040 2943 1084 2998 Sic
1097 2945 1173 2998 Herc
1188 2945 1239 2998 lun.

176 3023 626 3095 Budenius‚juretumdivine,tnm
635 3025 687 3078 bu·
733 3025 1237 3094 1000:«Columenimpulsumiabet.·

109 3151 113 3158 .
176 3121 260 3158 mane.
274 3104 394 3172 Namsm
407 3103 440 3158 sd
454 3103 520 3159 deos
536 3123 566 3158 ec
580 3105 686 3175 religio·
771 3103 816 3158 55.
831 3105 937 3174 Dignus.
958 3103 1061 3158 Alludit
1078 3105 1191 3176 Megaera
1206 3104 1241 3159 ad

176 3202 236 3236 nem
247 3175 684 3252 refertur(vid.liere.fnr.658)‚
730 3184 804 3254 ques
829 3183 927 3255 quibus
948 3184 1016 3237 cocti
1034 3197 1095 3238 sunt
1117 3185 1239 3256 Thyestae

176 3275 203 3316 et
213 3267 256 3333 jus
267 3262 301 3317 sd
316 3263 453 3328 homines,
469 3275 534 3317 teste
545 3263 638 3317 Servio
650 3262 685 3316 ed
731 3263 791 3315 lilii.

176 3341 241 3396 illud
250 3343 432 3414 Virg.Georg.
442 3345 472 3406 Ι,
484 3345 556 3397 s68:
571 3344 686 3397 adestis
771 3342 817 3397 56.
835 3343 859 3395 T
857 3343 962 3395 bracium
973 3382 980 3396 .
991 3383 997 3395 .
1011 3383 1017 3396 .
1031 3346 1123 3411 ,nesam
1139 3345 1241 3398 Procne

175 3420 295 3493 quedem
304 3441 428 3477 exercere
438 3421 532 3484 diebus
541 3423 592 3476 Fas
598 3425 687 3492 etjam
729 3422 812 3483 enim,
826 3421 905 3476 Terei
917 3441 998 3487 uxor,
1008 3423 1078 3493 regis
1087 3424 1239 3487 Thracum,

176 3502 276 3556 sinunt.
288 3529 299 3549 ι
729 3503 800 3572 Itym
815 3501 901 3556 lilium
920 3503 1105 3568 interemerat,
1121 3504 1241 3575 patrique

217 3585 262 3644 48.
272 3581 380 3645 Nonsie,
390 3593 441 3635 etc.
454 3579 686 3653 «Sentietqnoque
728 3579 892 3653 epulandum
906 3595 1072 3654 opposuerat.
1082 3581 1148 3637 Vid.
1159 3583 1239 3637 Herc.

175 3661 266 3714 calum
279 3674 365 3714 vestre
380 3662 462 3726 male,
477 3674 503 3715 et
518 3658 686 3715 densioribus
730 3660 781 3714 fiir.
800 3667 865 3730 149.

130 3737 134 3744 ’
175 3738 323 3796 obducetur
350 3741 475 3794 tenebris.
504 3741 560 3794 Cur
588 3740 686 3796 micant
770 3739 815 3811 57.
825 3739 921 3811 Majom
929 3759 1032 3795 aunem
1042 3742 1145 3796 Procne
1155 3761 1240 3796 unum

175 3820 255 3873 stelle
269 3819 378 3891 polein
397 3819 501 3892 Nempe
514 3821 622 3874 nonnisi
636 3839 685 3874 no·
728 3818 915 3874 tantummodo
924 3819 1011 3873 lilium
1022 3835 1174 3888 necaverum
1184 3824 1242 3877 vult

175 3911 219 3953 ctu
229 3899 294 3970 fingi
305 3911 391 3970 potest
403 3900 507 3954 Tantali
518 3901 640 3954 umbram
652 3902 686 3954 sb
728 3899 842 3970 Megaera
851 3913 902 3952 tres
910 3899 1035 3972 Thyestis
1042 3901 1112 3954 filios
1120 3903 1241 3956 abdtreo

175 3979 266 4032 inieris
282 3979 496 4034 emersissevid.
509 3999 568 4052 qne
582 3982 685 4046 notavi·
728 3979 868 4032 immolari.
882 4009 920 4021 —
935 3981 1030 4033 Petrei.
1046 3981 1129 4036 Atrei.

176 4077 234 4112 mus
247 4059 325 4112 Herc.
340 4060 393 4112 fur.
412 4059 476 4113 ssd.
769 4059 816 4127 59.
834 4059 968 4130 Ecquando
987 4061 1068 4124 tollet,
1090 4073 1138 4114 etc.
1155 4063 1241 4114 Locus

217 4137 262 4191 50.
275 4139 451 4210 Flammaque,
465 4153 514 4194 etc.
526 4140 603 4210 Ignes
617 4137 685 4194 side·
729 4139 761 4192 ab
782 4136 930 4194 editoribus
952 4140 1121 4204 sollicitatus,
1145 4154 1175 4193 ut
1194 4141 1240 4211 qui
