3090 5142
237 439 351 510 DAN.
378 441 554 510 HElNSll
579 439 641 508 DE
667 441 739 508 HIS
763 441 899 510 TRAG.
925 441 1032 510 Dtss.
1071 439 1165 532 xxvij

80 561 146 628 Sed
172 562 241 628 hos
262 563 299 626 in
316 563 483 651 plerisque
503 561 675 652 impolitiee,
691 583 841 626 censores
856 561 985 630 literarii
1002 562 1169 656 notabant.

83 669 176 732 Attio
195 669 276 755 plus
296 667 503 748 tribuebant,
520 667 587 732 imo
603 665 820 754 principatum
836 667 870 732 in
888 666 1049 755 tragaedia.
1064 666 1170 730 Etiam

14 793 15 837 ι
83 775 216 838 'liberii
229 795 304 838 aevo
321 772 493 854 nonnulli,
507 789 546 837 ιιι
564 773 750 838 Patet-culus
763 795 823 838 nos
841 771 938 838 docet
950 772 962 860 (
973 774 1056 838 ilist.
1071 775 1167 838 Rom.

15 964 16 971 ἵ
84 881 113 958 l,
124 879 195 966 18).
212 881 349 962 Quare,
366 879 402 942 in
416 901 547 944 summo
562 878 669 966 operis
687 894 821 942 auctore
836 876 918 966 quid
933 877 1050 944 decore
1067 893 1170 944 necne

86 985 202 1065 lieret,
223 985 372 1073 praeclari
399 983 452 1048 isti
474 983 535 1048 riri
551 983 748 1071 quaerebant.
767 983 926 1048 Omnium
943 983 1170 1070 antiquissima
1213 992 1215 1008 ¹

91 1089 303 1178 Hippolytus
316 1087 458 1154 videno.
469 1089 643 1154 Character
654 1083 802 1176 aequalis,
823 1104 945 1172 tersus,
961 1112 1044 1178 pura
1061 1088 1170 1166 dictio,

92 1195 260 1259 rarissima
281 1193 432 1258 acumina
450 1209 484 1259 et
504 1194 573 1258 sine
594 1194 660 1260 ulla
678 1194 866 1259 ambitione.
883 1192 1024 1260 Troades
1043 1193 1170 1274 divina,

93 1323 153 1364 nec
168 1300 289 1364 latina
304 1300 429 1364 minuc.
450 1301 489 1364 In
508 1323 573 1387 qua
591 1299 671 1364 illud
689 1311 803 1382 notes,
823 1299 915 1388 quod
931 1300 965 1364 in
983 1300 1170 1388 Menalippa

97 1404 286 1494 Euripidis,
304 1427 404 1494 quam
426 1405 609 1494 Sapientem
630 1405 807 1486 vocabant,
831 1406 957 1493 antiqui
973 1405 1171 1486 observant,

99 1513 216 1600 Pyrrhi
231 1529 267 1578 et
279 1512 534 1601 Agamemnonis
550 1511 751 1599 colloquium
763 1521 976 1592 ισχιμιτισμινοι
991 1535 1071 1578 esse.
1091 1511 1174 1578 Nam

101 1635 138 1680 ut
153 1618 201 1681 ibi
223 1616 414 1706 Menalippe
432 1615 639 1704 Euripidem,
663 1617 708 1680 ita
726 1617 781 1682 hic
803 1617 948 1706 Pyrrhus
966 1629 1176 1705 representat

104 1724 286 1804 Neronem,
298 1723 395 1808 cujus
414 1721 584 1812 ingenium
601 1737 635 1786 et
650 1723 684 1786 in
697 1723 758 1788 ista
771 1737 864 1788 aetate
880 1723 1033 1788 ferocium
1048 1723 1174 1786 occulte

105 1830 258 1918 expressit
280 1845 314 1894 et
336 1829 399 1893 sub
418 1831 671 1920 Agamemnonis
695 1851 835 1918 persona
860 1830 1001 1918 castigat.
1028 1829 1173 1918 Pyrrhus

107 1947 296 2015 διπρόσωπον
312 1945 493 2016 δπιιιιὶμινιν·
511 1935 600 2000 Nero
617 1947 646 1998 ri
661 1941 819 2016 inidipsum.
832 1936 880 1999 Εο
892 1948 1040 2024 speciant
1054 1935 1119 2000 illa,

225 2071 352 2127 Jnrenile
362 2071 457 2126 vitium
473 2083 629 2146 est,rege1·e
642 2089 696 2127 non
709 2091 786 2145 posse
797 2074 935 2146 impetum.

110 2227 148 2290 Et
162 2225 315 2314 pmclara
335 2225 408 2304 illa,

223 2375 290 2440 Quo
302 2373 383 2446 plora
393 2373 490 2452 ροώ,
499 2374 575 2446 plata
590 2374 720 2446 patienter
732 2375 811 2428 ieras.

106 2535 142 2600 Et
157 2537 296 2624 reliqua.
330 2535 415 2602 Nam
433 2551 472 2600 ut
487 2535 618 2600 Graecus
642 2535 704 2600 sub
728 2557 867 2624 persona
882 2535 1071 2626 Menalippes
1098 2541 1171 2630 opi·

106 2643 217 2706 mones
226 2664 304 2706 suas
319 2641 514 2730 exponebat,
523 2641 567 2705 ita
582 2641 704 2706 Seneca
716 2641 777 2706 sub
786 2643 1050 2731 Agamemnonis,
1064 2660 1157 2734 tyran

102 2771 222 2812 norum
242 2769 353 2812 mores
366 2747 519 2813 ostendit.
532 2747 640 2830 Quare
658 2769 762 2834 quum
778 2737 895 2836 partim
906 2747 1048 2814 Troadas
1064 2751 1167 2832 illius,

99 2854 220 2941 partim
241 2853 342 2918 etiam
357 2852 527 2918 Hecubam
544 2853 754 2940 exprimeret,
779 2853 887 2917 locum
906 2854 1006 2918 istum
1029 2877 1096 2920 non
1118 2843 1170 2919 in·

96 2960 208 3040 venit,
219 2957 280 3022 sed
295 2957 408 3024 dedit:
426 2958 510 3022 sicut
526 2975 559 3024 et
574 2979 747 3048 personam
764 2973 948 3046 utramque.
968 2959 1112 3026 Multum
1130 2985 1170 3027 eo

93 3081 225 3128 veteres
241 3063 498 3128 delectabantur.
509 3061 728 3138 Adducuntur
742 3062 840 3128 verba
851 3085 871 3126 a
882 3061 1104 3130 Grammaticis
1119 3067 1170 3130 dia

89 3172 192 3251 rina,
208 3169 332 3258 quibus
345 3183 484 3234 mortem
500 3169 639 3234 Socratis
654 3168 689 3232 in
705 3167 875 3232 Palamede
892 3167 1062 3257 Euripides
1078 3170 1171 3260 luge·

86 3275 158 3339 bat.
170 3275 297 3364 Neque
305 3263 399 3338 alite'r
409 3273 677 3362 ingratitudinem
685 3271 741 3338 filii
751 3273 802 3337 sui
811 3269 981 3360 Iophontis
991 3273 1169 3342 traduxisse

81 3382 318 3471 Sophoclem,
344 3377 383 3444 fit
396 3379 581 3444 verisimile.
602 3379 749 3466 Ideoque
763 3383 962 3459 διπιοῡισχῆμιι
976 3378 1096 3446 babere
1118 3382 1169 3448 di.
1288 3415 1291 3422 .

82 3504 243 3553 cuntur:
261 3486 342 3576 quia
357 3485 441 3550 alius
455 3502 505 3550 est
522 3500 773 3574 representans,
791 3483 873 3548 alius
889 3483 947 3572 qui
963 3505 1170 3574 repraesenta·

83 3611 157 3658 tur.
174 3596 251 3658 Hoc
266 3614 405 3682 quoque
421 3591 464 3656 ad
481 3591 662 3658 Homerum
678 3592 848 3655 referunt:
866 3612 964 3678 quem
982 3591 1023 3656 de
1041 3616 1076 3656 se
1091 3618 1171 3658 non·

83 3701 182 3764 nulla
200 3700 266 3766 sub
282 3687 472 3764 Demodoci
493 3719 629 3785 persona
652 3697 812 3778 innuisse,
831 3696 987 3760 Platonici
1000 3714 1168 3764 notarunt.

81 3807 197 3872 Tertia
216 3823 269 3872 est
288 3804 432 3872 Medea:
451 3818 532 3868 teste
545 3802 660 3884 Fabio,
674 3818 723 3884 et,
741 3818 778 3866 ut
790 3802 894 3890 quiris
909 3801 1012 3886 videt,
1025 3805 1170 3884 ejusdem

83 3916 243 3980 auctoris.
264 3913 335 3978 Has
354 3929 424 3976 tres
443 3909 545 3972 miror
564 3909 720 3975 exstitisse
738 3928 946 3996 quemquam,
956 3911 1012 3997 qui
1027 3911 1171 3990 ejusdem
1195 3982 1199 3994 ¹

82 4041 152 4084 esse
180 4043 263 4086 cum
281 4015 428 4104 reliquis
451 4013 657 4080 existimaret.
684 4013 846 4094 Quattuor,
869 4013 1041 4080 Herculem
1061 4015 1173 4080 furen-

1015 4119 1052 4185 ba
