3118 5138
389 541 479 636 conj
628 545 694 612 on
718 545 758 612 n.
785 525 972 616 annno
997 547 1191 616 sareon

562 756 763 820 Lacranrtns
781 756 890 820 Srarn
905 757 1031 822 Parmn
1048 757 1270 836 Scuonusrrs,

700 885 742 925 ao
758 863 973 944 Tnnnatnnn,
989 886 1054 928 tun.
1071 863 1127 928 IV.

431 1018 550 1082 Seneca
563 1018 598 1082 in
611 1018 767 1106 Thyeste,

633 1146 746 1201 Nescitis
759 1147 852 1219 cupidi
866 1149 981 1215 arcium,

631 1236 751 1308 Regnum
764 1255 818 1309 quo
827 1239 913 1309 jaceat
923 1237 999 1303 loco,
1015 1249 1065 1290 etc.

509 1395 545 1457 C.
562 1393 698 1459 Sonmns
713 1394 867 1458 Srnornns
884 1396 1119 1476 Aronunmns,
1137 1393 1243 1457 Canu.
1258 1392 1321 1471 IX,

727 1521 769 1562 ao
788 1499 935 1564 Macron
951 1499 1107 1563 Fanrcnu.

432 1648 507 1712 Non
524 1648 578 1713 hic
594 1647 751 1713 Hesiodea
768 1649 896 1738 pinguis
911 1651 1017 1714 Ascrae

431 1753 559 1841 Spectes
575 1755 736 1836 carmina,
750 1753 943 1841 Pindarique
958 1752 1110 1835 chordas,
1129 1769 1189 1817 etc.

430 1857 505 1921 Non
523 1857 612 1946 quod
628 1859 762 1923 Mantua
777 1874 952 1923 contumax
969 1861 1112 1924 Homero

430 1962 554 2044 Adjecit
571 1965 745 2044 Latialibus
762 1965 917 2052 loquelis,
934 1982 993 2029 etc.

431 2071 505 2134 Non
522 2071 612 2158 quod
625 2071 779 2159 Papinius
795 2087 870 2135 tuus
890 2093 1045 2158 meusque

430 2177 519 2239 Inter
535 2174 708 2239 Labdacios
723 2191 817 2239 sonat
832 2177 977 2256 furores,
991 2190 1052 2239 etc.

430 2276 504 2338 Non
520 2274 610 2363 quod
627 2274 778 2339 Corduba
794 2292 977 2364 prepotens
995 2276 1134 2339 alumnis

430 2376 618 2442 Facundum
636 2377 717 2460 ciet,
735 2378 789 2442 hic
805 2394 898 2466 putes
916 2377 1111 2466 legendum:

431 2482 582 2563 Quorum
598 2505 683 2546 unus
699 2483 777 2547 colit
791 2482 954 2578 hispidum
972 2483 1122 2564 Platona,

430 2590 659 2676 incassumque
676 2611 772 2654 suum
791 2606 904 2654 monet
918 2591 1099 2655 Neronem:

429 2694 635 2759 Orchestram
651 2695 847 2783 quatitalter
863 2693 1045 2784 Euripidis,
1157 2721 1164 2736 ·

431 2800 558 2863 Pictum
577 2800 708 2864 faecibus
723 2798 913 2888 AEschylum
930 2815 1079 2882 secutus,

431 2908 497 2969 Aut
514 2905 662 2993 plaustris
679 2905 810 2968 solitum
828 2927 942 2969 sonare
957 2904 1098 2991 Thespio
1113 2927 1121 2968 :

432 3009 496 3092 Qui
510 3026 585 3097 post
596 3009 719 3098 pulpita
734 3009 809 3072 trita
822 3010 883 3074 sub
898 3009 1060 3074 cothurno

330 3136 333 3143 ·
429 3116 600 3180 Duccbant
615 3115 708 3178 olidae
723 3137 844 3178 marem
862 3113 996 3203 capellae.

428 3221 574 3311 Pugnam
589 3222 703 3286 tertius
718 3221 771 3285 ille
788 3221 943 3286 Gallicani

430 3329 519 3391 Dixit
531 3328 680 3408 Caesaris,
700 3343 738 3392 ut
755 3350 854 3417 gener
871 3347 1026 3414 socerque

429 3435 574 3522 Cognata
588 3433 778 3523 impulerint
793 3434 826 3497 in
843 3455 931 3497 arma
946 3433 1102 3512 Romam,
1116 3446 1177 3494 etc.

743 3601 829 3666 loun
845 3603 952 3666 Canu.
965 3600 1086 3664 XXIII.

429 3760 517 3844 Quid
534 3761 656 3848 celsos(
662 3761 690 3849 1)
710 3762 845 3826 Senecas
862 3761 992 3847 loquar,
1011 3758 1169 3823 velillum

430 3867 536 3948 Quem
556 3864 611 3929 dat
628 3866 748 3930 Bilbilis
764 3865 826 3928 alta
841 3864 1035 3943 Martialem,

428 3973 600 4035 Terrarum
615 3971 782 4059 indigenas
796 3967 1016 4034 Ibericarum?

418 4137 457 4202 (r)
473 4131 519 4185 us
532 4153 618 4188 casos.
