<?xml version="1.0" encoding="UTF-8"?>
<!DOCTYPE html PUBLIC "-//W3C//DTD XHTML 1.0 Transitional//EN"
    "http://www.w3.org/TR/xhtml1/DTD/xhtml1-transitional.dtd">
<html xmlns="http://www.w3.org/1999/xhtml" xml:lang="en" lang="en">
 <head>
  <title>
</title>
<meta http-equiv="Content-Type" content="text/html;charset=utf-8" />
  <meta name='ocr-system' content='tesseract 3.04.00' />
  <meta name='ocr-capabilities' content='ocr_page ocr_carea ocr_par ocr_line ocrx_word'/>
</head>
<body>
  <div class='ocr_page' id='page_1' title='image "./lannsenecparste02piergoog_0139.png"; bbox 0 0 3118 5138; ppageno 0'>
   <div class='ocr_carea' id='block_1_1' title="bbox 386 553 1227 625">
    <p class='ocr_par' dir='ltr' id='par_1_1' title="bbox 386 553 1227 625">
     <span class='ocr_line' id='line_1_1' title="bbox 386 553 1227 625; baseline -0.004 -1"><span class='ocrx_word' id='word_1_1' title='bbox 386 553 512 624; x_wconf 83' lang='lat' dir='ltr'>cxxxiv</span> <span class='ocrx_word' id='word_1_2' title='bbox 598 555 702 624; x_wconf 90' lang='lat' dir='ltr'><strong>NOT.</strong></span> <span class='ocrx_word' id='word_1_3' title='bbox 722 554 868 623; x_wconf 82' lang='lat' dir='ltr'><strong>LITER.</strong></span> <span class='ocrx_word' id='word_1_4' title='bbox 888 554 951 623; x_wconf 88' lang='lat' dir='ltr'>DE</span> <span class='ocrx_word' id='word_1_5' title='bbox 976 553 1072 624; x_wconf 87' lang='lat' dir='ltr'><strong>SEN.</strong></span> <span class='ocrx_word' id='word_1_6' title='bbox 1091 553 1227 625; x_wconf 78' lang='lat' dir='ltr'>TRAG.</span> 
     </span>
    </p>
   </div>
   <div class='ocr_carea' id='block_1_2' title="bbox 374 681 1451 2572">
    <p class='ocr_par' dir='ltr' id='par_1_2' title="bbox 381 681 1451 1183">
     <span class='ocr_line' id='line_1_2' title="bbox 384 681 1445 773; baseline 0.005 -25"><span class='ocrx_word' id='word_1_7' title='bbox 384 683 519 748; x_wconf 84' lang='lat' dir='ltr'>busdam</span> <span class='ocrx_word' id='word_1_8' title='bbox 533 683 695 770; x_wconf 84' lang='lat' dir='ltr'>praemissa</span> <span class='ocrx_word' id='word_1_9' title='bbox 707 699 755 747; x_wconf 86' lang='lat' dir='ltr'>est</span> <span class='ocrx_word' id='word_1_10' title='bbox 772 682 903 748; x_wconf 86' lang='lat' dir='ltr'>Herculi</span> <span class='ocrx_word' id='word_1_11' title='bbox 916 682 1041 748; x_wconf 81' lang='lat' dir='ltr'>OEtaeo.</span> <span class='ocrx_word' id='word_1_12' title='bbox 1055 681 1118 750; x_wconf 83' lang='lat' dir='ltr'>Sed</span> <span class='ocrx_word' id='word_1_13' title='bbox 1130 699 1247 748; x_wconf 90' lang='lat' dir='ltr'>notum</span> <span class='ocrx_word' id='word_1_14' title='bbox 1256 701 1445 773; x_wconf 84' lang='lat' dir='ltr'>eet‚quanta</span> 
     </span>
     <span class='ocr_line' id='line_1_3' title="bbox 383 786 1451 874; baseline 0.002 -20"><span class='ocrx_word' id='word_1_15' title='bbox 383 790 424 854; x_wconf 83' lang='lat' dir='ltr'>sit</span> <span class='ocrx_word' id='word_1_16' title='bbox 440 787 557 853; x_wconf 87' lang='lat' dir='ltr'>tamin</span> <span class='ocrx_word' id='word_1_17' title='bbox 580 786 689 867; x_wconf 77' lang='lat' dir='ltr'>editis,</span> <span class='ocrx_word' id='word_1_18' title='bbox 713 809 812 874; x_wconf 86' lang='lat' dir='ltr'>quam</span> <span class='ocrx_word' id='word_1_19' title='bbox 833 787 867 852; x_wconf 87' lang='lat' dir='ltr'>in</span> <span class='ocrx_word' id='word_1_20' title='bbox 888 787 968 852; x_wconf 87' lang='lat' dir='ltr'>MSS</span> <span class='ocrx_word' id='word_1_21' title='bbox 989 788 1123 854; x_wconf 73' lang='lat' dir='ltr'>varietas</span> <span class='ocrx_word' id='word_1_22' title='bbox 1139 789 1173 852; x_wconf 92' lang='lat' dir='ltr'>in</span> <span class='ocrx_word' id='word_1_23' title='bbox 1192 787 1307 854; x_wconf 76' lang='lat' dir='ltr'>ordine</span> <span class='ocrx_word' id='word_1_24' title='bbox 1330 791 1451 858; x_wconf 80' lang='lat' dir='ltr'>haruin</span> 
     </span>
     <span class='ocr_line' id='line_1_4' title="bbox 382 891 1451 986; baseline 0.004 -26"><span class='ocrx_word' id='word_1_25' title='bbox 382 891 618 983; x_wconf 81' lang='lat' dir='ltr'>tragoediar&#39;um.</span> <span class='ocrx_word' id='word_1_26' title='bbox 645 893 757 958; x_wconf 87' lang='lat' dir='ltr'>Justus</span> <span class='ocrx_word' id='word_1_27' title='bbox 779 893 947 980; x_wconf 86' lang='lat' dir='ltr'>Rycquius</span> <span class='ocrx_word' id='word_1_28' title='bbox 963 892 1005 960; x_wconf 87' lang='lat' dir='ltr'>ad</span> <span class='ocrx_word' id='word_1_29' title='bbox 1020 894 1122 960; x_wconf 85' lang='lat' dir='ltr'><strong>Taciti</strong></span> <span class='ocrx_word' id='word_1_30' title='bbox 1136 895 1224 972; x_wconf 89' lang='lat' dir='ltr'>XIV,</span> <span class='ocrx_word' id='word_1_31' title='bbox 1238 895 1280 961; x_wconf 89' lang='lat'>63</span> <span class='ocrx_word' id='word_1_32' title='bbox 1296 899 1451 986; x_wconf 81' lang='lat' dir='ltr'>scn&#39;ptam</span> 
     </span>
     <span class='ocr_line' id='line_1_5' title="bbox 381 999 1450 1091; baseline 0.004 -25"><span class='ocrx_word' id='word_1_33' title='bbox 381 1017 475 1091; x_wconf 84' lang='lat' dir='ltr'>putat</span> <span class='ocrx_word' id='word_1_34' title='bbox 489 1023 509 1064; x_wconf 83' lang='lat' dir='ltr'>a</span> <span class='ocrx_word' id='word_1_35' title='bbox 521 999 642 1064; x_wconf 82' lang='lat' dir='ltr'>Seneca</span> <span class='ocrx_word' id='word_1_36' title='bbox 656 1021 743 1064; x_wconf 88' lang='lat' dir='ltr'>anno</span> <span class='ocrx_word' id='word_1_37' title='bbox 752 999 792 1063; x_wconf 90' lang='lat' dir='ltr'>U.</span> <span class='ocrx_word' id='word_1_38' title='bbox 803 1001 839 1064; x_wconf 87' lang='lat' dir='ltr'>C.</span> <span class='ocrx_word' id='word_1_39' title='bbox 849 1021 923 1084; x_wconf 84' lang='lat'>712.</span> <span class='ocrx_word' id='word_1_40' title='bbox 934 999 1025 1064; x_wconf 89' lang='lat' dir='ltr'>loan.</span> <span class='ocrx_word' id='word_1_41' title='bbox 1037 999 1126 1067; x_wconf 84' lang='lat' dir='ltr'>Frid.</span> <span class='ocrx_word' id='word_1_42' title='bbox 1140 1000 1325 1068; x_wconf 78' lang='lat' dir='ltr'><strong>Gronovius</strong></span> <span class='ocrx_word' id='word_1_43' title='bbox 1337 1022 1450 1070; x_wconf 87' lang='lat' dir='ltr'>autem</span> 
     </span>
     <span class='ocr_line' id='line_1_6' title="bbox 381 1101 933 1183; baseline -0.007 -14"><span class='ocrx_word' id='word_1_44' title='bbox 381 1127 448 1169; x_wconf 93' lang='lat' dir='ltr'>non</span> <span class='ocrx_word' id='word_1_45' title='bbox 467 1127 535 1168; x_wconf 91' lang='lat' dir='ltr'>csse</span> <span class='ocrx_word' id='word_1_46' title='bbox 553 1103 681 1168; x_wconf 81' lang='lat' dir='ltr'>Senecae</span> <span class='ocrx_word' id='word_1_47' title='bbox 699 1117 786 1166; x_wconf 89' lang='lat' dir='ltr'>recte</span> <span class='ocrx_word' id='word_1_48' title='bbox 799 1101 933 1183; x_wconf 87' lang='lat' dir='ltr'>judicat.</span> 
     </span>
    </p>

    <p class='ocr_par' dir='ltr' id='par_1_3' title="bbox 374 1207 1449 2572">
     <span class='ocr_line' id='line_1_7' title="bbox 423 1207 1448 1300; baseline 0.002 -25"><span class='ocrx_word' id='word_1_49' title='bbox 423 1211 486 1276; x_wconf 82' lang='lat' dir='ltr'>tul.</span> <span class='ocrx_word' id='word_1_50' title='bbox 503 1211 607 1273; x_wconf 79' lang='lat' dir='ltr'>Caesar</span> <span class='ocrx_word' id='word_1_51' title='bbox 623 1208 763 1297; x_wconf 82' lang='lat' dir='ltr'><strong>Scaliger</strong></span> <span class='ocrx_word' id='word_1_52' title='bbox 778 1229 845 1271; x_wconf 91' lang='lat' dir='ltr'>non</span> <span class='ocrx_word' id='word_1_53' title='bbox 865 1207 992 1272; x_wconf 86' lang='lat' dir='ltr'>dubitat</span> <span class='ocrx_word' id='word_1_54' title='bbox 1007 1208 1135 1272; x_wconf 86' lang='lat' dir='ltr'>Senecae</span> <span class='ocrx_word' id='word_1_55' title='bbox 1160 1209 1327 1300; x_wconf 72' lang='lat' dir='ltr'><strong>tragoedias</strong></span> <span class='ocrx_word' id='word_1_56' title='bbox 1351 1214 1448 1278; x_wconf 86' lang='lat' dir='ltr'>etiam</span> 
     </span>
     <span class='ocr_line' id='line_1_8' title="bbox 381 1314 1449 1406; baseline 0.005 -26"><span class='ocrx_word' id='word_1_57' title='bbox 381 1317 464 1380; x_wconf 86' lang='lat' dir='ltr'>ultra</span> <span class='ocrx_word' id='word_1_58' title='bbox 483 1315 667 1381; x_wconf 85' lang='lat' dir='ltr'>Graecarum</span> <span class='ocrx_word' id='word_1_59' title='bbox 685 1314 751 1378; x_wconf 84' lang='lat' dir='ltr'>vim</span> <span class='ocrx_word' id='word_1_60' title='bbox 766 1330 798 1377; x_wconf 87' lang='lat' dir='ltr'>et</span> <span class='ocrx_word' id='word_1_61' title='bbox 818 1314 1007 1404; x_wconf 83' lang='lat' dir='ltr'>elegantiam</span> <span class='ocrx_word' id='word_1_62' title='bbox 1026 1315 1202 1380; x_wconf 83' lang='lat' dir='ltr'>extollere:</span> <span class='ocrx_word' id='word_1_63' title='bbox 1220 1316 1382 1406; x_wconf 86' lang='lat' dir='ltr'>plerisque</span> <span class='ocrx_word' id='word_1_64' title='bbox 1400 1335 1449 1386; x_wconf 87' lang='lat' dir='ltr'>ta·</span> 
     </span>
     <span class='ocr_line' id='line_1_9' title="bbox 382 1416 1447 1510; baseline 0.004 -26"><span class='ocrx_word' id='word_1_65' title='bbox 382 1445 454 1484; x_wconf 89' lang='lat' dir='ltr'>men</span> <span class='ocrx_word' id='word_1_66' title='bbox 477 1418 575 1485; x_wconf 89' lang='lat' dir='ltr'>hodie</span> <span class='ocrx_word' id='word_1_67' title='bbox 592 1420 684 1486; x_wconf 86' lang='lat' dir='ltr'>aliter</span> <span class='ocrx_word' id='word_1_68' title='bbox 701 1416 842 1501; x_wconf 84' lang='lat' dir='ltr'>videtur,</span> <span class='ocrx_word' id='word_1_69' title='bbox 864 1419 921 1508; x_wconf 91' lang='lat' dir='ltr'>qui</span> <span class='ocrx_word' id='word_1_70' title='bbox 939 1419 1076 1482; x_wconf 89' lang='lat' dir='ltr'>nimium</span> <span class='ocrx_word' id='word_1_71' title='bbox 1095 1419 1333 1510; x_wconf 81' lang='lat' dir='ltr'>philosophicas</span> <span class='ocrx_word' id='word_1_72' title='bbox 1357 1446 1447 1506; x_wconf 82' lang='lat' dir='ltr'>esse,</span> 
     </span>
     <span class='ocr_line' id='line_1_10' title="bbox 380 1524 1448 1615; baseline 0.004 -23"><span class='ocrx_word' id='word_1_73' title='bbox 380 1544 412 1592; x_wconf 90' lang='lat' dir='ltr'>et</span> <span class='ocrx_word' id='word_1_74' title='bbox 423 1543 536 1592; x_wconf 85' lang='lat' dir='ltr'>contra</span> <span class='ocrx_word' id='word_1_75' title='bbox 553 1527 638 1615; x_wconf 86' lang='lat' dir='ltr'>leges</span> <span class='ocrx_word' id='word_1_76' title='bbox 655 1524 817 1615; x_wconf 85' lang='lat' dir='ltr'>tragoediae</span> <span class='ocrx_word' id='word_1_77' title='bbox 830 1525 948 1613; x_wconf 90' lang='lat' dir='ltr'>passim</span> <span class='ocrx_word' id='word_1_78' title='bbox 966 1547 1099 1614; x_wconf 87' lang='lat' dir='ltr'>peccare</span> <span class='ocrx_word' id='word_1_79' title='bbox 1109 1525 1265 1605; x_wconf 88' lang='lat' dir='ltr'>judicant.</span> <span class='ocrx_word' id='word_1_80' title='bbox 1278 1527 1360 1592; x_wconf 90' lang='lat' dir='ltr'>Vide</span> <span class='ocrx_word' id='word_1_81' title='bbox 1369 1529 1448 1596; x_wconf 87' lang='lat' dir='ltr'><strong>Vos·</strong></span> 
     </span>
     <span class='ocr_line' id='line_1_11' title="bbox 379 1633 1446 1725; baseline 0.001 -24"><span class='ocrx_word' id='word_1_82' title='bbox 379 1637 463 1702; x_wconf 81' lang='lat' dir='ltr'>aium</span> <span class='ocrx_word' id='word_1_83' title='bbox 477 1651 602 1723; x_wconf 86' lang='lat' dir='ltr'>patrem</span> <span class='ocrx_word' id='word_1_84' title='bbox 615 1635 649 1696; x_wconf 94' lang='lat' dir='ltr'>in</span> <span class='ocrx_word' id='word_1_85' title='bbox 661 1633 818 1698; x_wconf 86' lang='lat' dir='ltr'>Institutt.</span> <span class='ocrx_word' id='word_1_86' title='bbox 834 1634 983 1715; x_wconf 89' lang='lat' dir='ltr'>Poeticis,</span> <span class='ocrx_word' id='word_1_87' title='bbox 995 1650 1027 1698; x_wconf 86' lang='lat' dir='ltr'>et</span> <span class='ocrx_word' id='word_1_88' title='bbox 1040 1635 1157 1722; x_wconf 84' lang='lat' dir='ltr'>Rapini</span> <span class='ocrx_word' id='word_1_89' title='bbox 1173 1636 1377 1725; x_wconf 87' lang='lat' dir='ltr'>aliorumque</span> <span class='ocrx_word' id='word_1_90' title='bbox 1391 1639 1446 1719; x_wconf 87' lang='lat' dir='ltr'>ju·</span> 
     </span>
     <span class='ocr_line' id='line_1_12' title="bbox 378 1739 1449 1832; baseline 0.002 -26"><span class='ocrx_word' id='word_1_91' title='bbox 378 1743 460 1807; x_wconf 88' lang='lat' dir='ltr'>dicia</span> <span class='ocrx_word' id='word_1_92' title='bbox 474 1742 607 1806; x_wconf 87' lang='lat' dir='ltr'>collecta</span> <span class='ocrx_word' id='word_1_93' title='bbox 623 1764 641 1804; x_wconf 86' lang='lat' dir='ltr'>a</span> <span class='ocrx_word' id='word_1_94' title='bbox 660 1740 805 1804; x_wconf 86' lang='lat' dir='ltr'>Bailletto</span> <span class='ocrx_word' id='word_1_95' title='bbox 822 1756 845 1804; x_wconf 90' lang='lat' dir='ltr'>t.</span> <span class='ocrx_word' id='word_1_96' title='bbox 863 1740 895 1804; x_wconf 92' lang='lat'>11</span> <span class='ocrx_word' id='word_1_97' title='bbox 906 1739 1104 1821; x_wconf 83' lang='lat' dir='ltr'>judiciorum</span> <span class='ocrx_word' id='word_1_98' title='bbox 1118 1739 1159 1805; x_wconf 88' lang='lat' dir='ltr'>de</span> <span class='ocrx_word' id='word_1_99' title='bbox 1173 1743 1287 1832; x_wconf 65' lang='lat' dir='ltr'>poetic.</span> <span class='ocrx_word' id='word_1_100' title='bbox 1304 1746 1449 1828; x_wconf 78' lang='lat' dir='ltr'>Dionysii</span> 
     </span>
     <span class='ocr_line' id='line_1_13' title="bbox 381 1846 1446 1938; baseline 0.001 -25"><span class='ocrx_word' id='word_1_101' title='bbox 381 1849 500 1915; x_wconf 77' lang='lat' dir='ltr'>Thusci</span> <span class='ocrx_word' id='word_1_102' title='bbox 514 1848 556 1913; x_wconf 90' lang='lat' dir='ltr'>de</span> <span class='ocrx_word' id='word_1_103' title='bbox 571 1846 724 1910; x_wconf 82' lang='lat' dir='ltr'>Rubentis</span> <span class='ocrx_word' id='word_1_104' title='bbox 743 1869 761 1910; x_wconf 87' lang='lat' dir='ltr'>c</span> <span class='ocrx_word' id='word_1_105' title='bbox 779 1848 887 1934; x_wconf 87' lang='lat' dir='ltr'>Burgo</span> <span class='ocrx_word' id='word_1_106' title='bbox 901 1847 933 1911; x_wconf 92' lang='lat' dir='ltr'>S.</span> <span class='ocrx_word' id='word_1_107' title='bbox 953 1846 1099 1936; x_wconf 83' lang='lat' dir='ltr'>Sepulcni</span> <span class='ocrx_word' id='word_1_108' title='bbox 1115 1863 1148 1911; x_wconf 83' lang='lat' dir='ltr'>ct</span> <span class='ocrx_word' id='word_1_109' title='bbox 1163 1849 1292 1914; x_wconf 75' lang='lat' dir='ltr'><em>Thomoe</em></span> <span class='ocrx_word' id='word_1_110' title='bbox 1302 1851 1446 1938; x_wconf 84' lang='lat' dir='ltr'>Aquinc-</span> 
     </span>
     <span class='ocr_line' id='line_1_14' title="bbox 377 1939 1443 2043; baseline 0 -24"><span class='ocrx_word' id='word_1_111' title='bbox 377 1961 437 2037; x_wconf 81' lang='lat' dir='ltr'>tis‚</span> <span class='ocrx_word' id='word_1_112' title='bbox 468 1955 524 2043; x_wconf 92' lang='lat' dir='ltr'>qui</span> <span class='ocrx_word' id='word_1_113' title='bbox 546 1977 564 2018; x_wconf 88' lang='lat' dir='ltr'>a</span> <span class='ocrx_word' id='word_1_114' title='bbox 587 1951 784 2040; x_wconf 88' lang='lat' dir='ltr'>quibusdam</span> <span class='ocrx_word' id='word_1_115' title='bbox 808 1939 1052 2034; x_wconf 67' lang='lat' dir='ltr'>memorantur,</span> <span class='ocrx_word' id='word_1_116' title='bbox 1074 1955 1314 2036; x_wconf 81' lang='lat' dir='ltr'>commentarii,</span> <span class='ocrx_word' id='word_1_117' title='bbox 1336 1955 1443 2019; x_wconf 91' lang='lat' dir='ltr'>lucem</span> 
     </span>
     <span class='ocr_line' id='line_1_15' title="bbox 376 2056 1443 2150; baseline 0.002 -26"><span class='ocrx_word' id='word_1_118' title='bbox 376 2075 462 2125; x_wconf 88' lang='lat' dir='ltr'>certe</span> <span class='ocrx_word' id='word_1_119' title='bbox 479 2057 568 2124; x_wconf 90' lang='lat' dir='ltr'>haud</span> <span class='ocrx_word' id='word_1_120' title='bbox 580 2057 743 2122; x_wconf 82' lang='lat' dir='ltr'>viderunt.</span> <span class='ocrx_word' id='word_1_121' title='bbox 762 2057 820 2121; x_wconf 93' lang='lat' dir='ltr'>MS</span> <span class='ocrx_word' id='word_1_122' title='bbox 839 2056 949 2122; x_wconf 77' lang='lat' dir='ltr'>Codex</span> <span class='ocrx_word' id='word_1_123' title='bbox 966 2081 1032 2121; x_wconf 90' lang='lat' dir='ltr'>non</span> <span class='ocrx_word' id='word_1_124' title='bbox 1050 2059 1311 2124; x_wconf 88' lang='lat' dir='ltr'>contemnendus</span> <span class='ocrx_word' id='word_1_125' title='bbox 1327 2077 1443 2150; x_wconf 83' lang='lat' dir='ltr'>tragoe·</span> 
     </span>
     <span class='ocr_line' id='line_1_16' title="bbox 376 2163 1442 2250; baseline 0 -18"><span class='ocrx_word' id='word_1_126' title='bbox 376 2166 502 2232; x_wconf 87' lang='lat' dir='ltr'>diarum</span> <span class='ocrx_word' id='word_1_127' title='bbox 516 2167 644 2231; x_wconf 75' lang='lat' dir='ltr'>Senecae</span> <span class='ocrx_word' id='word_1_128' title='bbox 662 2179 808 2229; x_wconf 82' lang='lat' dir='ltr'>servatur</span> <span class='ocrx_word' id='word_1_129' title='bbox 824 2163 941 2230; x_wconf 86' lang='lat' dir='ltr'>Gothae</span> <span class='ocrx_word' id='word_1_130' title='bbox 956 2165 990 2227; x_wconf 93' lang='lat' dir='ltr'>in</span> <span class='ocrx_word' id='word_1_131' title='bbox 1010 2165 1090 2230; x_wconf 90' lang='lat' dir='ltr'>Bibl.</span> <span class='ocrx_word' id='word_1_132' title='bbox 1107 2166 1308 2232; x_wconf 84' lang='lat' dir='ltr'>Serenissimi</span> <span class='ocrx_word' id='word_1_133' title='bbox 1323 2167 1442 2250; x_wconf 87' lang='lat' dir='ltr'>Ducis,</span> 
     </span>
     <span class='ocr_line' id='line_1_17' title="bbox 376 2268 1442 2361; baseline -0.002 -23"><span class='ocrx_word' id='word_1_134' title='bbox 376 2289 414 2338; x_wconf 90' lang='lat' dir='ltr'>ut</span> <span class='ocrx_word' id='word_1_135' title='bbox 430 2273 465 2336; x_wconf 92' lang='lat' dir='ltr'>in</span> <span class='ocrx_word' id='word_1_136' title='bbox 482 2270 635 2360; x_wconf 77' lang='lat' dir='ltr'>Cyptiani</span> <span class='ocrx_word' id='word_1_137' title='bbox 654 2268 806 2358; x_wconf 82' lang='lat' dir='ltr'>Catalogo</span> <span class='ocrx_word' id='word_1_138' title='bbox 826 2269 921 2352; x_wconf 90' lang='lat' dir='ltr'><strong>MSS,</strong></span> <span class='ocrx_word' id='word_1_139' title='bbox 938 2269 1024 2334; x_wconf 91' lang='lat' dir='ltr'>illius</span> <span class='ocrx_word' id='word_1_140' title='bbox 1040 2270 1118 2336; x_wconf 88' lang='lat' dir='ltr'>Bibl.</span> <span class='ocrx_word' id='word_1_141' title='bbox 1135 2296 1168 2361; x_wconf 90' lang='lat' dir='ltr'>p.</span> <span class='ocrx_word' id='word_1_142' title='bbox 1192 2272 1273 2355; x_wconf 87' lang='lat'>106,</span> <span class='ocrx_word' id='word_1_143' title='bbox 1292 2287 1442 2337; x_wconf 89' lang='lat' dir='ltr'>notatum</span> 
     </span>
     <span class='ocr_line' id='line_1_18' title="bbox 374 2363 1442 2466; baseline -0.001 -23"><span class='ocrx_word' id='word_1_144' title='bbox 374 2395 432 2443; x_wconf 86' lang='lat' dir='ltr'>est.</span> <span class='ocrx_word' id='word_1_145' title='bbox 456 2363 667 2442; x_wconf 83' lang='lat' dir='ltr'>Ambrosiana</span> <span class='ocrx_word' id='word_1_146' title='bbox 690 2397 822 2465; x_wconf 82' lang='lat' dir='ltr'>quoque</span> <span class='ocrx_word' id='word_1_147' title='bbox 847 2375 1047 2440; x_wconf 83' lang='lat' dir='ltr'>Bibliotheca</span> <span class='ocrx_word' id='word_1_148' title='bbox 1068 2377 1324 2466; x_wconf 81' lang='lat' dir='ltr'>pulcherrimum</span> <span class='ocrx_word' id='word_1_149' title='bbox 1343 2377 1442 2442; x_wconf 83' lang='lat' dir='ltr'>hahet</span> 
     </span>
     <span class='ocr_line' id='line_1_19' title="bbox 376 2480 1440 2572; baseline 0.002 -24"><span class='ocrx_word' id='word_1_150' title='bbox 376 2481 562 2548; x_wconf 86' lang='lat' dir='ltr'>earumdem</span> <span class='ocrx_word' id='word_1_151' title='bbox 579 2480 733 2549; x_wconf 83' lang='lat' dir='ltr'>codicem</span> <span class='ocrx_word' id='word_1_152' title='bbox 749 2503 825 2545; x_wconf 88' lang='lat' dir='ltr'>cum</span> <span class='ocrx_word' id='word_1_153' title='bbox 839 2481 1038 2572; x_wconf 80' lang='lat' dir='ltr'>argumentis</span> <span class='ocrx_word' id='word_1_154' title='bbox 1053 2483 1214 2548; x_wconf 83' lang='lat' dir='ltr'>Albertim&#39;</span> <span class='ocrx_word' id='word_1_155' title='bbox 1226 2483 1364 2548; x_wconf 73' lang='lat' dir='ltr'>Musseti</span> <span class='ocrx_word' id='word_1_156' title='bbox 1380 2483 1440 2550; x_wconf 83' lang='lat' dir='ltr'>Pa·</span> 
     </span>
    </p>
   </div>
   <div class='ocr_carea' id='block_1_3' title="bbox 375 2583 1387 2675">
    <p class='ocr_par' dir='ltr' id='par_1_4' title="bbox 375 2583 1387 2675">
     <span class='ocr_line' id='line_1_20' title="bbox 375 2583 1387 2675; baseline 0.003 -24"><span class='ocrx_word' id='word_1_157' title='bbox 375 2589 491 2670; x_wconf 72' lang='lat' dir='ltr'>lavini,</span> <span class='ocrx_word' id='word_1_158' title='bbox 508 2603 546 2653; x_wconf 86' lang='lat' dir='ltr'>ut</span> <span class='ocrx_word' id='word_1_159' title='bbox 561 2602 696 2652; x_wconf 84' lang='lat' dir='ltr'>testatur</span> <span class='ocrx_word' id='word_1_160' title='bbox 713 2585 784 2652; x_wconf 88' lang='lat' dir='ltr'>Nic.</span> <span class='ocrx_word' id='word_1_161' title='bbox 798 2587 963 2652; x_wconf 85' lang='lat' dir='ltr'>Antonius</span> <span class='ocrx_word' id='word_1_162' title='bbox 982 2610 1014 2675; x_wconf 86' lang='lat' dir='ltr'>p.</span> <span class='ocrx_word' id='word_1_163' title='bbox 1029 2583 1071 2674; x_wconf 83' lang='lat'>39</span> <span class='ocrx_word' id='word_1_164' title='bbox 1086 2587 1167 2653; x_wconf 90' lang='lat' dir='ltr'>Bibl.</span> <span class='ocrx_word' id='word_1_165' title='bbox 1181 2605 1243 2655; x_wconf 85' lang='lat' dir='ltr'>vet.</span> <span class='ocrx_word' id='word_1_166' title='bbox 1253 2589 1387 2674; x_wconf 83' lang='lat' dir='ltr'>Hispan.</span> 
     </span>
    </p>
   </div>
   <div class='ocr_carea' id='block_1_4' title="bbox 656 2975 1153 3034">
    <p class='ocr_par' dir='ltr' id='par_1_5' title="bbox 656 2975 1153 3034">
     <span class='ocr_line' id='line_1_21' title="bbox 656 2975 1153 3034; baseline -0.008 -5"><span class='ocrx_word' id='word_1_167' title='bbox 656 2975 1153 3034; x_wconf 41' lang='grc' dir='ltr'>-ὲ--ιι-οοοο--η-</span> 
     </span>
    </p>
   </div>
   <div class='ocr_carea' id='block_1_5' title="bbox 0 0 1564 5138">
    <p class='ocr_par' dir='ltr' id='par_1_6' title="bbox 0 0 1564 5138">
     <span class='ocr_line' id='line_1_22' title="bbox 0 0 1564 5138; baseline 0 8"><span class='ocrx_word' id='word_1_168' title='bbox 0 0 1564 5138; x_wconf 95' lang='lat' dir='ltr'> </span> 
     </span>
    </p>
   </div>
  </div>
 </body>
</html>
