3240 5138
325 522 603 592 HERCULES
628 523 849 593 FURENS.
876 521 987 591 ACT.
1012 527 1086 593 111.
1168 550 1228 596 101

225 657 417 748 Rerumque
435 654 555 743 fassus,
577 682 636 726 ore
655 655 819 726 submisso
838 654 1021 749 obsequens

225 761 415 856 Utrumque
436 761 541 832 cauda
561 762 672 857 pulsat
691 760 863 857 anguifera
885 759 979 831 latus.

225 867 403 962 Postquam
418 883 469 936 est
482 867 525 936 od
539 893 615 940 oras
629 870 758 939 Taenari
774 882 929 955 ventum,
943 882 976 937 et
990 871 1078 938 nitor

110 1009 112 1018 »
226 973 391 1043 Percussit
406 972 519 1043 oculos
538 973 620 1045 lucis
636 978 772 1070 ignotae,
787 998 892 1044 novos

225 1079 377 1148 Resumit
391 1080 518 1150 animos
536 1083 684 1168 vinctus,
700 1095 733 1151 et
748 1094 857 1150 vastas
873 1079 985 1151 furens

227 1184 372 1273 Quassnt
386 1200 519 1256 catenas
536 1213 543 1254 :
563 1211 656 1283 paene
673 1191 834 1257 victorem
850 1183 985 1256 abstulit

226 1291 438 1386 Pronumque
456 1307 546 1362 retro
565 1296 669 1380 venit,
686 1308 720 1362 et
740 1295 845 1362 movit
861 1293 975 1387 gradu.

226 1398 321 1466 Tu'nc
342 1411 482 1468 etnicos
504 1402 647 1494 respexit
666 1398 797 1468 Alcides
814 1422 955 1468 manus:

227 1502 375 1572 Geminis
392 1517 532 1598 uterque
553 1506 677 1575 viribus
699 1519 841 1575 tractum
859 1529 974 1574 canem

225 1609 282 1676 Ira
299 1608 482 1698 furentem,
503 1626 537 1679 et
554 1610 639 1680 bella
648 1626 838 1680 tentantem
855 1613 965 1698 irrita,

226 1713 402 1784 Intulimus
419 1717 501 1785 orbi.
514 1717 607 1788 Vidit
621 1733 658 1787 ut
672 1716 797 1787 clarum
814 1717 955 1803 aethera,

226 1821 270 1888 Et
286 1845 370 1915 pura
385 1823 480 1892 nitidi
496 1825 600 1918 spatio
617 1825 789 1918 conspexit
805 1822 891 1918 poli,

226 1925 353 1998 Oborta
370 1943 518 2017 nonest,
536 1928 659 2000 lumina
676 1932 711 1998 in
727 1944 849 1998 terrain
865 1928 973 2015 dedit,

227 2034 432 2128 Compressit
450 2035 582 2124 oculos,
600 2051 634 2106 et
648 2036 737 2106 diem
750 2037 892 2106 invisum
910 2035 1058 2129 expulit,

224 2138 404 2234 Aciemque
420 2156 509 2211 retro
527 2142 633 2230 flexit,
650 2157 748 2237 atque
763 2144 853 2212 omni
869 2143 963 2236 petiit
1204 2173 1241 2214 ns

175 2355 525 2424 anectno‚demirtit,more
535 2360 683 2413 timentium
725 2359 808 2432 pient.
826 2377 879 2428 19:
901 2363 1010 2430 Injun'ar
1033 2380 1108 2423 vcro,
1130 2374 1159 2411 ut
1177 2364 1238 2412 vul·

176 2450 270 2488 cunum
286 2446 312 2490 et
325 2437 408 2490 veluti
421 2455 526 2509 ponem
540 2437 683 2512 deprecari·
726 2458 801 2499 nera,
813 2443 867 2490 alia
878 2442 968 2500 armis,
980 2441 1136 2506 aliapecrorr'
1144 2441 1237 2508 instra,

176 2513 249 2568 tium.
261 2545 298 2556 -—
306 2519 407 2568 Patiens
420 2520 495 2570 tradi.
508 2517 550 2572 nd
563 2519 683 2572 similitu·
727 2537 776 2569 non
785 2522 904 2588 dejectus,
917 2533 1037 2570 remotus
1050 2521 1148 2586 quidem
1154 2523 1236 2588 gradu

177 2591 683 2665 dinemfloratii‚1,od.2‚r.43:
726 2600 853 2649 sustinear.

176 2671 298 2727 -pniens
308 2674 397 2727 vocari
408 2675 516 2728 Carens
524 2675 629 2730 ultor.·
763 2677 823 2730 818.
838 2679 952 2744 respexit
960 2681 1058 2730 Alcides
1067 2697 1160 2728 marm.
1171 2677 1236 2742 Qun

209 2755 272 2807 812.
288 2756 376 2805 casada
384 2758 480 2822 pulsat.
494 2755 553 2808 Non
566 2768 597 2808 ut
610 2755 684 2808 blan-
727 2755 800 2808 illnm
810 2755 837 2808 in
844 2753 975 2808 trahendo
983 2753 1021 2808 nd
1028 2756 1113 2810 lucem
1122 2756 1236 2810 Cerbero

177 2829 262 2884 dictur
274 2832 400 2900 Herculi,
412 2832 485 2906 quod
502 2833 605 2906 scripsit
618 2835 684 2888 Far·
728 2833 895 2908 udjuvarent.

177 2911 285 2980 nubiur,
298 2913 345 2966 sed
361 2932 436 2966 more
451 2931 549 2966 canum
563 2914 686 2968 alierum·
763 2913 823 2966 822.
844 2917 877 2964 Er
885 2933 953 2980 pura
968 2916 1048 2964 nitidi.
1063 2913 1124 2977 Quo
1144 2914 1236 2984 purior

176 2991 446 3064 qucpecudum,quae
456 2992 508 3044 vim
517 2993 632 3065 aliquam
643 3013 685 3046 ex·
728 2992 826 3056 ether,
845 3010 878 3045 eo
891 2989 1062 3064 injucundior
1079 2991 1195 3044 Cerbero
1211 3006 1236 3046 et

176 3081 254 3140 pertz
266 3089 317 3124 nec
334 3069 395 3123 satir
411 3069 503 3124 ralidae
517 3069 551 3123 od
564 3071 686 3126 resisten-
728 3071 829 3124 inferio.
845 3071 940 3126 Statius
953 3112 960 3138 ,
975 3071 1061 3124 Theb.
1074 3071 1156 3136 VIII,
1181 3074 1213 3125 32
1230 3093 1236 3124 :

177 3145 239 3202 durn
249 3186 258 3212 ,
268 3167 296 3201 ee
304 3162 394 3203 tamen
402 3150 447 3202 vix
456 3150 584 3221 sidrjectac
594 3165 685 3205 eeseet
731 3173 741 3197 ι
754 3150 867 3221 Expavit
883 3154 1004 3215 (Pharon)
1019 3150 1113 3200 oborta
1125 3147 1214 3202 Sidere
1229 3192 1237 3216 ‚

175 3229 264 3300 jugum
274 3246 342 3300 regie
354 3227 423 3282 serre
435 3227 586 3282 verberibus
597 3231 686 3284 cauda
726 3227 897 3301 jucundaque
906 3227 1090 3280 offensueluce
1099 3229 1235 3298 profatur:

177 3317 311 3361 testantur.
730 3306 795 3371 Quae
810 3325 934 3378 superum
946 3305 1018 3358 labes
1034 3305 1172 3360 inimicum
1186 3307 1237 3362 im·

211 3389 272 3450 814.
283 3391 407 3440 Percussit
418 3393 513 3451 oculos,
525 3401 577 3442 etc.
592 3389 630 3441 Ut
644 3389 685 3442 lu·
729 3385 802 3456 pegit
816 3385 921 3440 Averno
935 3383 1042 3436 AEthera
1052 3383 1063 3434 ἓ
1072 3409 1085 3429 »ι
1100 3383 1164 3438 vid.
1179 3405 1235 3459 cup.

177 3484 232 3519 cern
243 3465 336 3538 repicit
346 3467 492 3531 Cerberus,
505 3466 555 3520 eibi
567 3467 685 3540 ignotam
729 3481 755 3516 r.
770 3465 819 3532 293
833 3477 859 3519 et
869 3465 930 3534 567.

178 3557 202 3597 et
210 3543 345 3598 inimicam
355 3545 468 3618 ,ponitur
477 3547 528 3600 irae
537 3548 683 3601 resuscitat.
766 3542 827 3597 823.
835 3549 927 3596 oborta
936 3565 988 3596 nox
994 3559 1038 3596 est.
1044 3544 1159 3597 Cerbero
1169 3556 1239 3600 tene-

176 3623 239 3678 Vid.
249 3643 309 3697 cup.
319 3644 348 3679 v.
356 3629 400 3679 60.
412 3627 491 3680 Conf.
502 3639 527 3678 et
537 3627 616 3681 Ovid.
625 3627 685 3680 loco
730 3623 784 3675 brie
790 3636 894 3677 assueto
900 3623 1037 3695 caliginem
1047 3623 1238 3694 facitsplendor

177 3705 255 3758 citato
268 3705 296 3756 in
308 3716 366 3758 not.
379 3705 414 3759 ad
423 3725 492 3760 rere.
507 3707 570 3760 808.
730 3703 810 3766 colis,
823 3701 896 3774 qnod
911 3715 937 3754 et
953 3703 1106 3758 hominibus
1119 3704 1239 3758 occidere

211 3785 274 3848 8η.
281 3790 401 3838 Pronum.
411 3786 500 3840 Prono
508 3787 579 3840 enim
588 3805 683 3860 corpo·
731 3782 797 3835 colet
805 3819 813 3846 ,
822 3781 843 3834 ei
855 3801 887 3834 ex
898 3783 1012 3836 obscuro
1021 3783 1079 3836 loco
1089 3796 1195 3854 repente
1203 3785 1244 3840 od

176 3881 204 3915 re
210 3863 325 3918 trahenti
331 3865 470 3920 resistitur.
478 3869 682 3936 -Movr'egradu
731 3864 817 3916 lucem
831 3875 1014 3934 πψτη.-
1023 3869 1052 3913 In
1062 3878 1153 3914 certam
1162 3867 1239 3916 dedit.

176 3943 300 4004 Succunt
306 3941 340 3996 de
352 3943 410 3996 loco
416 3957 442 3998 et
453 3945 563 4017 vestigio
575 3947 683 4017 pervim
731 3941 801 3994 Fixit
811 3940 895 3994 humi.

176 4023 425 4089 retraxit.1iv.VI,
438 4025 489 4079 32:
507 4031 685 4093 eranrronlto·
765 4019 826 4074 825.
843 4025 916 4072 Omni
925 4026 1012 4090 periit,
1028 4032 1078 4074 etc.
1094 4021 1181 4078 Ternu
1194 4041 1237 4074 cu·

178 4123 251 4154 mano
262 4123 288 4154 se
300 4107 393 4156 invexit
405 4110 484 4166 acies,
500 4120 596 4158 tantiam
606 4109 685 4158 tostos
730 4110 782 4180 pita
796 4107 902 4162 demIrit
921 4111 948 4162 in
965 4121 1079 4175 terram3
1097 4110 1147 4162 nisi
1166 4110 1248 4164 molis,

175 4185 254 4246 gradu
267 4187 336 4234 rnori.
347 4183 456 4248 Seneca,
466 4184 499 4240 de
508 4197 634 4242 constent.
649 4207 686 4240 sn·
730 4188 874 4262 intelligere
883 4187 983 4243 demitti
994 4191 1092 4240 omino
1100 4189 1241 4244 cervicem.

1071 4281 1083 4324 3

1041 4322 1059 4391 7
