3090 5142
470 567 776 640 orssnarrrro.
821 557 823 565 ’
1088 571 1161 666 xtttj

79 689 173 754 Duos
183 687 300 777 itaque
314 689 453 754 &necas
464 689 640 773 habemus3
652 692 853 780 patrem,qui
866 691 1006 772 Rhetor3
1019 691 1162 760 etlilium

82 795 354 884 Philosophum,
368 796 426 884 qui
444 812 478 860 et
488 796 665 884 Tragicos,
683 811 722 859 ut
736 797 802 877 jam
819 799 1157 865 commonstravimus.

84 905 123 966 At
143 901 301 990 inquies,
323 902 349 965 si
368 923 448 992 ergo
468 924 524 965 sex
540 901 600 966 ittae
617 923 706 966 nunc
722 918 917 966 enumeratae
934 903 1096 993 tragoedie
1109 905 1162 970 ad

84 1009 246 1073 Senecam
260 1006 506 1095 Philosophum
514 1004 689 1070 referendae
701 1057 710 1089 ,
728 1007 897 1086 cujusnam
911 1023 1008 1071 erunt
1021 1025 1163 1097 quatuor

85 1113 238 1201 reliqute,
255 1115 492 1202 Agamemnon,
514 1111 654 1193 Thebais,
676 1111 825 1176 Hercules
845 1111 999 1195 OEtoeus,
1017 1131 1050 1179 et
1066 1115 1164 1180 Octa·

87 1223 170 1284 via?
194 1220 313 1284 Nullas
328 1219 447 1283 harum
468 1239 538 1282 esse
553 1216 700 1301 Senecae,
719 1219 787 1282 imo
805 1233 838 1282 et
858 1217 958 1306 aliqui
974 1219 1161 1303 Fureutent,

88 1327 256 1409 Thyestem
276 1341 310 1389 et
328 1323 495 1412 OEdipum
519 1345 594 1387 cum
612 1325 851 1412 Agamemnone
871 1323 975 1388 eidem
995 1323 1162 1409 adimunt,

90 1431 269 1517 &Seneca
281 1430 394 1494 nescio
416 1429 469 1493 cui
489 1449 564 1491 cum
578 1427 679 1492 Marci
693 1429 914 1516 prenomine,
937 1427 1164 1496 adscribendas

91 1535 224 1615 volunt,
246 1533 440 1599 Thebaidem
451 1554 528 1598 vero
541 1580 549 1614 ,
563 1531 712 1598 OEtoettm
726 1547 759 1596 et
778 1533 950 1598 Octaviam
963 1531 1165 1602 diversorum

91 1644 245 1707 iacientes
261 1642 415 1731 singulas.
438 1641 586 1724 Quarum
605 1639 770 1704 Octaviam
785 1638 980 1704 clarissimus
996 1642 1123 1730 Lipsius
1144 1669 1162 1710 a

92 1771 209 1838 puero,
220 1763 280 1814 aut
297 1747 392 1836 pueri
408 1745 519 1810 saltem
534 1743 649 1827 modo,
664 1745 873 1833 perscriptam
890 1747 1034 1830 censuit3
1051 1769 1163 1837 quam·
1290 1745 1294 1752 ’

93 1856 136 1918 vis
149 1875 221 1918 eam
238 1852 454 1918 amicissimus
468 1850 580 1931 nohis,
597 1863 630 1914 et
647 1852 681 1913 in
695 1849 759 1914 hoc
770 1865 867 1938 atque
885 1852 977 1914 omni
998 1853 1162 1922 literarum

94 1983 206 2049 genere
231 1955 511 2022 eminentissimus
536 1954 712 2038 Heinsius,
740 1955 815 2019 licet
842 1955 933 2018 humi
956 1977 1161 2046 serpentem,

93 2063 257 2130 Thebaide
273 2082 383 2128 tamen
399 2078 433 2126 et
446 2063 559 2126 OEteo
570 2105 580 2142 ,
592 2081 672 2147 qttas
689 2059 775 2124 idem
788 2061 915 2148 Lipsius
932 2061 1046 2128 ordine
1060 2064 1164 2156 digni·

94 2172 163 2235 tatis
180 2172 268 2234 inter
284 2170 404 2258 primas
428 2165 545 2248 habet,
562 2167 671 2229 minus
689 2163 852 2254 putidam,
868 2183 900 2230 et
921 2166 1013 2233 cultu
1031 2191 1165 2259 quoque

93 2279 248 2342 sermonis
262 2277 432 2342 meliorem
449 2273 570 2339 statuit.
588 2273 748 2362 Josephus
762 2273 897 2362 insuper
909 2273 1059 2366 Scaliger,
1069 2277 1162 2358 cujus

93 2387 122 2448 in
139 2381 368 2449 discernendis
386 2395 558 2445 auctorum
575 2379 702 2468 scriptis
719 2393 752 2443 et
769 2401 787 2442 a
805 2379 888 2444 veris
907 2379 1093 2454 subdititios
1112 2407 1161 2450 se-

92 2491 240 2558 morendi
264 2506 413 2554 exactum
440 2486 600 2568 judicium
623 2485 710 2550 docti
733 2508 869 2568 omues,
892 2487 957 2552 hoc
980 2492 1156 2576 praesertim

90 2599 219 2678 seculo,
237 2611 319 2660 sunt
331 2592 498 2672 admirati,
514 2591 586 2680 styli
604 2589 840 2670 characterem,
855 2591 912 2681 qui
928 2591 961 2654 in
978 2592 1091 2658 eadem
1110 2615 1159 2662 est

90 2704 241 2784 Octavia,
257 2723 336 2766 cum
355 2699 488 2786 reliquis
511 2695 680 2778 eumdem,
699 2712 732 2760 et
752 2711 918 2761 auctorem
939 2717 1072 2788 quoque
1087 2700 1155 2769 Ne.

88 2811 173 2875 rnnis
190 2805 400 2896 temporibus
412 2803 597 2868 interfuisse
610 2801 789 2884 existiman
805 2803 964 2867 rationem
979 2803 1064 2872 hanc
1079 2808 1156 2892 adji-
1261 2893 1265 2900 1

88 2919 182 2997 ciens,
194 2913 291 3004 quod
299 2935 368 2976 non
381 2925 509 2974 tantum
521 2909 673 2988 Cometes,
685 2907 741 2994 qui
757 2903 977 3000 ipsoNerone
993 2926 1025 2975 et
1036 2912 1155 2979 Seneca

86 3022 191 3087 atlhnc
213 3017 391 3109 superstite
413 3011 548 3096 effulsit,
565 3011 764 3076 mentionem
788 3011 906 3096 faciat,
931 3014 986 3079 sed
1006 3040 1040 3080 se
1059 3019 1154 3084 etiam

86 3144 198 3215 preter
210 3139 347 3190 caeteros
360 3117 444 3209 (nisi
458 3115 554 3182 verba
571 3114 647 3180 dare
662 3115 841 3204 posteritati
857 3117 1013 3205 voluerit)
1030 3140 1154 3210 specta.

86 3251 188 3298 torem
211 3229 284 3310 ejus
305 3225 552 3292 subsenserit.
572 3219 636 3286 Sed
652 3219 767 3284 vixerit
788 3241 858 3284 tero
877 3220 1039 3306 Neronis,
1060 3248 1102 3290 au
1122 3243 1155 3292 et

85 3337 211 3426 scripsit
225 3329 384 3424 quoque?
402 3329 473 3396 Hoc
490 3325 591 3392 multa
604 3339 763 3412 suntque
774 3342 903 3414 negant.
920 3327 963 3391 Et
977 3331 1153 3414 presertim

86 3443 262 3536 Agrippina
275 3459 390 3503 nonne
405 3437 489 3500 inter
500 3433 576 3514 alia,
586 3447 663 3496 actu
679 3431 746 3512 111,
763 3453 800 3494 ea
819 3431 908 3518 loqui
922 3432 1153 3522 introducitur,

84 3573 153 3638 que
166 3568 276 3636 quum
289 3558 402 3633 postea
414 3541 496 3606 facta
509 3539 584 3619 sint,
592 3533 760 3626 quomodo
774 3535 814 3600 ab
831 3537 989 3624 ipso,uisi
1002 3541 1153 3629 Apolline

84 3659 189 3744 aliquo
204 3652 327 3742 pleno,
348 3644 505 3737 perscribi
517 3640 722 3732 penserunt?
737 3657 775 3708 ut
791 3657 913 3708 taceam
932 3642 975 3708 de
994 3645 1089 3735 culpa
1107 3650 1154 3716 di-

7 3797 9 3840 φ
84 3786 173 3842 cere,
193 3779 296 3847 quam
311 3753 344 3820 N
346 3753 435 3818 utria
446 3767 521 3816 actu
536 3749 581 3814 lV
596 3749 726 3814 Senecae
739 3744 875 3835 affingit.

7 3855 8 3860 ἵ
120 3865 185 3933 sed
204 3861 358 3930 dehisce
381 3859 451 3922 haec
469 3855 557 3921 satis.
580 3854 691 3918 Unum
716 3851 846 3920 accedat
870 3875 968 3942 super
990 3855 1046 3939 iis,
1070 3882 1150 3948 quas

86 3973 188 4038 lluco
206 3967 377 4034 tribuunt.
399 3959 500 4044 Quod
517 3957 592 4024 ideo
609 3979 627 4024 a
649 3981 684 4023 se
701 3957 823 4023 factum
840 3955 980 4042 docent,
996 3962 1073 4052 quia
1090 3965 1151 4030 alia

85 4081 110 4142 in
129 4080 166 4142 iis
198 4101 218 4141 a
245 4071 379 4150 Lucio,
408 4067 442 4132 id
463 4082 511 4130 est
532 4064 749 4151 Philosopho,
773 4063 986 4152 philosophie
1005 4083 1041 4132 et
1060 4088 1154 4138 sectae

999 4184 1033 4240 οἳ
