3118 5138
366 524 418 601 m
442 531 715 604 msooooos
739 533 933 604 sunnon
1120 559 1184 604 cxv
1255 497 1258 504 ’

487 775 544 838 DE
564 774 820 840 TROCHAICO.

160 979 184 1042 1.
212 977 433 1042 Trochaicum
464 978 639 1043 dimetrum
666 981 856 1045 catalectum
879 1003 897 1044 e
922 979 1080 1059 trochaeo,
1105 979 1182 1042 item
1217 963 1222 972 ’

121 1081 279 1172 spondeo,
290 1084 343 1148 vel
358 1083 496 1172 dactylo,
506 1085 558 1148 vel
576 1101 747 1173 anapaesto,
761 1085 894 1150 demum
909 1081 1052 1149 trochaeo
1068 1101 1100 1148 et
1117 1085 1182 1173 syl·

122 1189 188 1254 lnba
206 1187 375 1278 superflua
389 1192 614 1279 componitur:
629 1214 696 1279 quo
712 1191 816 1256 utitur
833 1193 866 1256 in
881 1190 1029 1279 OEdipo,

240 1332 293 1388 sed
306 1331 373 1404 quid
385 1333 458 1388 bor?
471 1344 557 1405 postes
569 1345 672 1388 tonant.

164 1469 264 1545 Item,

241 1587 344 1642 Pendet
355 1589 470 1644 instabili
482 1590 543 1645 loco

165 2111 294 2176 Chorus
309 2108 398 2174 enim
415 2111 468 2175 ille
481 2111 606 2200 integer
620 2127 721 2176 estex
735 2107 800 2175 boc
817 2131 951 2200 genere,
966 2107 1056 2198 quod
1070 2125 1105 2174 et
1117 2108 1185 2172 aliis

129 2219 237 2283 Choris
265 2219 483 2300 immiscetur,
507 2235 563 2282 aut
590 2216 631 2283 ad
655 2241 771 2285 eorum
796 2235 978 2284 extremum
1001 2216 1183 2282 adhibetur.

131 2325 214 2388 Unus
228 2347 341 2390 versus
359 2323 634 2414 hypercatalectus
651 2341 699 2389 est
714 2324 749 2388 iu
767 2323 882 2390 eodem
898 2324 1024 2406 Choro,

241 2454 322 2519 Vita,
334 2452 489 2508 decurrente
499 2454 551 2507 via.

168 2582 259 2644 Unus
285 2581 496 2670 impropriam
519 2581 630 2648 sedem
656 2581 773 2664 habet,
797 2533 870 2645 loco
898 2580 1030 2644 trochaei
1054 2579 1183 2670 pyrrhi·

130 2685 250 2768 chium,
266 2687 301 2750 in
316 2685 429 2770 initio,

246 2809 342 2862 Comes
352 2807 459 2862 audacis
467 2809 525 2862 risa.

169 2940 231 3005 Sed
244 2939 361 3006 dubito
374 2941 483 3025 valde,
498 2907 579 3006 num
596 2942 731 3006 correcti
745 2941 810 3006 sint
823 2939 859 3004 hi
876 2941 936 3029 ipsi
952 2940 1025 3005 loci.

170 3155 211 3220 11.
234 3155 449 3222 Trochnicum
474 3155 650 3222 dimetrum
673 3155 984 3248 hypercatalectum,
1016 3169 1142 3222 constat
1168 3179 1186 3218 e

135 3261 288 3345 troohaeo,
304 3263 383 3328 item
400 3260 563 3351 spondeo,
582 3262 700 3327 iterum
717 3258 874 3344 trocheo,
885 3259 1016 3328 demum
1033 3257 1186 3341 trochaeo,
1220 3297 1225 3313 ·

134 3366 179 3430 rel
194 3365 357 3455 spondeo,
374 3383 406 3432 et
421 3367 540 3455 syllaba
554 3367 759 3450 abundante3
776 3378 831 3444 ut,

248 3495 342 3551 Nullus
355 3497 429 3552 bunc
440 3507 541 3561 terror,
558 3513 609 3551 nec
621 3497 743 3568 impetus.

174 3641 252 3704 Item
263 3691 271 3717 ,

251 3776 336 3830 Sensit
349 3789 437 3842 ortus,
452 3779 532 3834 sensit
543 3794 661 3847 occasus.

277 3877 325 3911 ,υ
361 3886 376 3900 .
401 3885 417 3902 .
462 3887 477 3900 .
503 3875 523 3912 ο
553 3873 637 3907 ,0.

277 3964 326 4001 .0
363 3973 415 3988 ..
461 3975 476 3989 .
502 3961 522 3997 υ
556 3971 640 3987 ..-

180 4133 233 4197 ΙΙΙ.
247 4135 462 4200 Trochaicum
481 4137 662 4200 trimetrum
679 4131 999 4221 brachycatalectum,
1010 4131 1106 4198 habet
1119 4135 1190 4198 loco
