3118 5138
278 475 325 557 24
449 545 453 564 ,
549 463 601 541 ἰ.
629 473 803 542 auam
831 471 1042 541 sanaem

433 602 586 674 Sublimis
607 620 661 673 eat
681 631 689 673 ε
712 629 764 688 me
786 627 858 672 mea
880 600 975 670 tellus

435 713 521 779 Lare
543 724 669 780 secreto
690 725 827 804 tutoque
845 722 944 802 tegat.

433 817 534 885 Venit
551 816 593 885 ad
611 817 722 911 pigros
743 840 826 885 cana
848 827 1014 898 senectus,

434 920 625 1016 Humiliqae
642 922 734 1008 loco,
753 922 810 991 sed
828 935 918 989 certa
937 918 1028 988 sedet

435 1027 574 1096 Sordida
596 1052 706 1122 parvae
727 1028 861 1096 fortuna
880 1025 1023 1096 domus:

434 1131 510 1203 Alte
527 1135 631 1204 virtus
649 1137 796 1204 animosa
813 1132 909 1203 cadit.

435 1239 499 1306 Sed
520 1255 637 1309 maesta
657 1240 748 1309 venit
768 1240 858 1309 crine
876 1235 984 1306 soluto

437 1347 590 1439 Megara,
612 1370 751 1441 parvum
773 1345 929 1418 comitata
948 1365 1098 1436 gregem

435 1450 628 1546 Tardusque
649 1454 740 1554 senio
762 1449 910 1547 graditur
930 1446 1053 1517 Alcidae
1074 1469 1200 1541 parens.

279 1646 395 1712 nabius3
414 1665 463 1700 aec
488 1647 674 1702 animadvertit
700 1651 740 1701 sui
763 1667 792 1718 ee
836 1650 1190 1718 124‚sordidoecasoe.cia.
1213 1647 1288 1720 epist.
1307 1645 1342 1700 ad

280 1727 412 1798 scriptoris
430 1727 522 1780 vitium
539 1726 669 1799 prodere,
689 1747 791 1800 semper
834 1733 911 1787 Attio.
925 1733 998 1796 XII,
1016 1750 1048 1800 ²7
1063 1747 1069 1781 :
1084 1731 1191 1780 Sordida
1207 1731 1297 1779 villula
1319 1741 1343 1776 et

283 1805 318 1858 nd
330 1824 453 1859 romanos
469 1825 555 1859 mores
567 1808 738 1880 futuramque
750 1827 792 1860 eo-
833 1814 1014 1880 paldepasilla.
1024 1809 1105 1862 Mart.
1115 1809 1139 1871 l,
1150 1809 1200 1861 56:
1217 1807 1291 1860 «Hoc
1300 1823 1344 1877 pe·

282 1903 342 1936 rum
352 1879 483 1938 civitatem
492 1885 643 1940 alludentia.
833 1889 879 1956 tit,
892 1907 947 1942 erse
959 1890 1017 1951 rui,
1028 1907 1077 1941 nea
1086 1887 1174 1958 magni
1187 1886 1257 1938 ruris
1271 1903 1341 1938 ama·

321 1981 380 2034 197.
393 1971 466 2017 Lare.
481 1965 531 2018 Pro
541 1970 622 2018 domo.
639 1966 745 2020 Sallust.
764 1966 792 2018 in
835 1967 1063 2039 tor,Sordidaque
1074 1968 1101 2019 in
1110 1965 1256 2038 pertinatia
1265 1965 1345 2017 rebus

284 2041 391 2096 Catilin.
407 2062 437 2096 at
453 2062 459 2096 :
474 2049 533 2096 Illos
547 2049 617 2097 bruas
630 2061 676 2096 aar
690 2049 793 2112 amplius
835 2058 914 2118 amat.
927 2072 938 2092 ι

283 2123 369 2172 domos
377 2127 619 2176 continuaremobis
632 2129 710 2176 larem
715 2127 795 2193 fami·
873 2145 933 2180 ποι.
954 2129 1019 2178 Alte.
1044 2126 1084 2177 Ab
1108 2125 1185 2186 alto,
1208 2134 1237 2175 ut
1257 2121 1344 2175 Cicer.

286 2204 372 2251 liorem
390 2220 511 2268 nmquam
527 2207 603 2255 ullum
619 2223 676 2255 esse.
699 2203 795 2255 Putant
836 2206 911 2260 Orat.
919 2207 1100 2260 naamanin
1108 2207 1249 2254 caderenon
1255 2215 1344 2269 potest.

286 2278 330 2330 alii
343 2280 422 2330 Lares
437 2277 502 2332 duos
520 2299 575 2334 esse
592 2282 666 2333 Lame
681 2300 729 2334 eeu
746 2283 796 2334 La·
838 2285 891 2350 Qui
904 2285 1010 2356 propria
1027 2271 1138 2354 audapia
1158 2301 1185 2334 se
1203 2280 1299 2334 tollunt
1317 2280 1347 2331 in

287 2355 380 2408 rundae
390 2358 517 2430 Nympha
531 2359 615 2424 lilios,
629 2361 667 2414 sic
683 2378 698 2412 a
712 2372 796 2414 matre
839 2363 990 2426 excelsam,
1009 2375 1035 2414 et
1053 2361 1089 2415 ad
1098 2363 1174 2418 iamae
1189 2360 1347 2430 virtutisque

287 2436 454 2500 ¹¹⁰¹¹¹¹¹11210⁸2
469 2439 515 2514 qui
527 2439 639 2510 compila
650 2450 675 2492 et
686 2439 759 2492 vitot
772 2451 797 2492 et
840 2443 974 2514 fastigium
992 2441 1130 2504 nituntur,
1146 2441 1167 2492 si
1181 2439 1286 2492 fortuna
1302 2456 1346 2490 eos

289 2513 357 2567 aedee
367 2525 392 2566 et
404 2514 493 2568 focum
503 2518 645 2587 presertim
660 2518 687 2571 in
698 2518 797 2590 edibus
839 2516 1005 2584 destituerit,
1018 2527 1077 2593 quo'
1091 2511 1167 2573 altiue'
1183 2537 1238 2572 aeae
1254 2517 1349 2570 extule·

289 2611 393 2646 servare
409 2611 440 2646 aa
458 2597 590 2650 custodire
605 2596 797 2662 credebantnr3
839 2611 908 2662 rant,
919 2601 1062 2670 eogravius
1071 2600 1100 2651 in
1112 2616 1226 2670 praecepa
1237 2593 1345 2650 cadunt.

290 2672 334 2726 alii
348 2671 433 2724 aerias
450 2673 514 2727 deos
530 2689 556 2728 et
573 2676 683 2742 heroas,
694 2677 798 2744 larvae,
840 2677 931 2731 Horat.
951 2680 997 2743 11,
1014 2677 1059 2730 od.
1076 2694 1125 2729 ro:
1144 2703 1189 2734 ι...
1206 2675 1279 2729 celsae
1292 2693 1350 2745 gra·

292 2751 381 2822 genior
392 2787 399 2812 ,
409 2765 455 2804 aut
469 2755 523 2807 vita
533 2755 686 2808 functorum
698 2756 799 2810 animae
841 2757 915 2812 viare
927 2777 989 2811 earu
1001 2755 1131 2810 Deoidunt
1143 2768 1238 2809 turrea.
1249 2780 1260 2800 ι
1273 2756 1351 2809 Clau·

293 2831 373 2884 fuisse
387 2829 542 2885 existimant.
563 2835 602 2886 De
616 2834 715 2906 origine
728 2837 800 2888 vocis
842 2835 915 2890 dian.
935 2837 963 2888 in
976 2836 1062 2896 llufin.
1078 2837 1107 2902 1,
1120 2854 1169 2888 aa:
1185 2861 1196 2882 ι
1208 2833 1351 2887 Tollantur

290 2906 399 2982 perinde
407 2907 573 2975 dissentitur,
584 2913 718 2983 quumalii
725 2921 800 2975 aare,
842 2917 871 2969 in
879 2915 1104 2988 altum,Utlapea
1111 2915 1232 2985 graviore
1243 2924 1348 2967 ruant.-

291 2995 494 3065 ataupa‚viaus,
505 2990 654 3058 deducant,
666 2993 712 3046 alii
722 2994 800 3054 Etru·
880 2993 939 3048 203.
956 2999 1076 3048 Comitum
1087 3014 1193 3064 gregem.
1204 2993 1351 3046 Comitante

292 3091 363 3125 scam
371 3091 461 3128 vocem
473 3090 528 3124 esse
540 3083 633 3142 putent
641 3111 649 3136 ,
658 3091 715 3145 quae
728 3075 801 3144 prin·
845 3074 1016 3146 parvulorum
1027 3075 1170 3128 liberorum
1181 3092 1258 3145 grege
1268 3091 1274 3124 :
1286 3077 1352 3130 ίλλη·

291 3152 376 3224 cipem
392 3165 417 3206 et
434 3149 574 3222 presidem
590 3151 729 3222 significat.
751 3153 800 3205 Ut·
844 3157 937 3226 νισμὸς.
951 3153 1028 3206 Hunc
1041 3153 1128 3206 locum
1141 3172 1216 3207 aecus
1228 3153 1354 3222 interpre-

291 3250 397 3304 canqae
405 3231 576 3303 conjectatur,
586 3233 666 3284 Lares
680 3249 727 3302 pro
741 3231 802 3284 aedi-
845 3244 915 3286 tatus
923 3245 961 3287 est
972 3236 1126 3301 Coupdffllle
1135 3237 1196 3284 n'est
1202 3223 1249 3300 pai
1259 3251 1354 3282 weom-

291 3312 341 3363 bus
361 3311 424 3382 ipsis
446 3309 613 3380 accipiuntur
629 3327 635 3361 :
656 3309 726 3363 unde
745 3315 799 3372 lar,
840 3315 938 3380 pagnde
949 3316 1033 3364 deson
1047 3315 1142 3382 cortdge
1154 3315 1295 3370 orduraim
1305 3328 1353 3362 uec

292 3408 342 3459 pro
355 3409 408 3442 una
420 3387 509 3444 domo.
845 3389 939 3442 melias
958 3393 1048 3442 Leve'e:
1062 3395 1116 3441 Elle
1125 3395 1238 3442 s'avaace
1251 3409 1308 3442 avec
1321 3408 1353 3438 un

331 3469 389 3536 198.
410 3473 481 3519 Venit
498 3471 534 3519 ad
546 3471 640 3536 pigros.
666 3467 801 3522 Summam
840 3467 1354 3540 [aiblecortegrelidv.507,ubi,sicut

291 3559 451 3600 senectutem
463 3546 662 3619 adipiscuntur,
673 3549 720 3619 qui
732 3549 802 3600 labo·
845 3548 872 3599 in
884 3545 1005 3618 Euripid.
1025 3547 1113 3620 Lycus
1134 3548 1253 3600 comburi
1266 3547 1355 3617 Mega-

293 3645 336 3678 rer
350 3645 380 3678 ac
395 3627 510 3697 pericula
526 3626 650 3680 devitant.
669 3629 757 3696 Quam
775 3627 801 3684 in
845 3645 901 3679 ram
913 3639 939 3678 et
950 3629 1006 3700 ejus
1019 3627 1116 3680 liberos
1128 3628 1202 3700 jubet
1212 3664 1219 3691 ,
1229 3629 1357 3695 conjugem

292 3706 445 3758 sententiam
457 3706 582 3758 acerrime
593 3706 727 3760 invehitur
741 3708 802 3761 Del·
846 3720 954 3757 erratum
963 3726 1069 3774 gregem.
1084 3705 1163 3778 Hipp.
1178 3712 1225 3759 18:
1237 3723 1357 3776 nunqua

212 3844 214 3855 Ι
294 3785 446 3852 rlo‚pigros
457 3785 525 3838 male
539 3786 642 3850 ferens,
657 3786 802 3839 seddebitoe
846 3783 976 3838 comitatae
986 3784 1116 3856 Gregibus
1126 3785 1214 3856 parvis
1226 3796 1357 3836 nocturna

294 3863 377 3934 poetis
404 3861 571 3934 indulgentiae
594 3884 750 3937 parumper,
775 3876 802 3918 ut
845 3873 938 3935 petunt
956 3863 1056 3916 Pabula
1073 3864 1139 3916 foetae
1154 3891 1177 3916 a.
1194 3862 1292 3933 OEdip.
1305 3864 1356 3915 32:

293 3941 360 3994 mihi
373 3941 496 4004 ridetur,
514 3943 660 3997 immernor.
845 3943 902 3994 uEt
923 3961 970 3996 voa
998 3961 1117 3996 meorum
1136 3943 1245 3994 liberum
1267 3941 1357 4012 magui

329 4039 390 4074 aoo.
404 4025 518 4072 Sordida.
534 4027 618 4074 Tenetis
628 4025 711 4096 magis
722 4042 802 4095 quam
847 4041 957 4093 gregesn.
966 4023 1004 4074 Ex
1011 4021 1256 4094 hisexemplispatet
1260 4039 1359 4090 gregem

292 4103 379 4152 misera
396 4112 420 4152 et
433 4119 517 4168 egena.
537 4099 628 4154 Scaea.
646 4101 724 4155 Herc.
737 4103 800 4156 OEt.
847 4120 895 4173 pro
903 4117 1017 4153 natorum
1028 4107 1125 4154 turbam
1135 4120 1189 4154 esse
1200 4100 1325 4172 positum.
