3090 5142
275 552 382 624 UNO
406 555 776 626 TRAGOEDtattUM
800 554 1022 626 AUCTORE.
1161 549 1184 640 lj

118 674 239 764 tragica
256 673 401 742 mutuam
416 691 565 744 versatus
581 691 685 753 meet,
701 677 770 744 haec
787 691 876 743 tanta
892 673 1050 741 modestia
1065 673 1099 738 in
1117 695 1190 738 rer·

117 779 229 846 tendis
253 779 453 868 quibusdam
478 781 625 848 versibus
650 782 760 872 grecis
781 781 926 847 venerit?
952 779 1099 868 Denique
1122 800 1190 842 non

117 901 186 967 est,
202 908 264 950 eur
286 907 325 950 ex
348 885 512 952 sententia
530 884 630 954 Delrii
650 909 768 954 novem
792 886 957 976 tragoedias
973 884 1189 975 philosopho,

117 991 278 1058 decimam
297 1013 376 1056 vero
394 991 562 1058 Octaviam
580 992 695 1081 ignoto
717 991 846 1058 cuidam
861 1008 966 1081 poeta
985 991 1187 1056 tribuamus:

118 1119 195 1162 nam
210 1097 385 1162 verisimile
409 1113 478 1178 est,
500 1097 648 1164 Μαιοιιω
662 1100 821 1164 Annaeum
838 1097 993 1164 Senecam
1006 1095 1189 1178 juniorem,

118 1200 278 1267 Gallionis
294 1201 416 1286 filium,
441 1201 558 1268 ultimo
578 1203 647 1268 lere
666 1203 786 1270 'liberii
807 1226 912 1285 anno,
936 1224 995 1268 seu
1010 1201 1190 1289 imperante

119 1308 217 1374 ctiam
226 1307 370 1398 Caligula
383 1323 515 1390 natum,
527 1309 578 1374 rel
587 1323 810 1398 postmortem
822 1309 928 1398 patrui
937 1307 1006 1390 sui,
1016 1307 1051 1372 in
1062 1327 1189 1370 secessu

119 1411 340 1498 Cordubensi,
359 1430 398 1480 ut
411 1413 551 1496 ridetur,
572 1412 752 1482 diutissime
771 1416 897 1482 vixisse.
918 1414 994 1480 llaec
1016 1411 1058 1477 de
1076 1413 1189 1478 Marco

120 1519 201 1584 mihi
217 1516 358 1586 dicenda
374 1518 478 1586 luere.

161 1627 251 1708 tam,
277 1624 368 1716 quod
394 1628 509 1694 attinet
532 1627 575 1694 ad
596 1627 728 1694 alteram
757 1628 951 1694 sententiam
976 1647 1108 1708 eorum,
1133 1613 1190 1713 qui

121 1731 210 1798 lateii
224 1732 454 1798 auctoritatem
468 1733 663 1822 praeferunt,
680 1732 832 1822 equidem
847 1733 976 1820 opinor,
988 1730 1140 1819 idemque
1152 1730 1187 1793 in

120 1838 281 1927 opusculo
295 1859 372 1904 meo
389 1861 462 1906 sum
478 1837 661 1926 professus,
677 1837 858 1904 Antonium
870 1836 1017 1902 Delrium
1034 1836 1091 1923 (in
1104 1833 1188 1921 Syn·

121 1956 217 2032 tergm.
237 1955 324 2032 trag.
345 1941 403 2011 lat.
421 1965 456 2032 p.
472 1944 515 2022 64
533 1942 631 2033 sqq.)
648 1944 698 2010 rel
716 1957 791 2008 ante
814 1939 972 2008 ducentos
989 1961 1092 2006 annos
1109 1940 1188 2005 huic

121 2069 223 2114 musae
238 2049 307 2114 iere
325 2047 531 2131 satisfecisse,
546 2066 645 2137 atque
658 2047 836 2132 identidem
850 2046 983 2112 miratus
996 2069 1088 2128 sum,
1101 2044 1189 2110 unde
1210 2115 1215 2121 ,

123 2153 215 2218 nobis
228 2152 265 2218 id
275 2153 443 2235 acciderit,
457 2170 511 2236 ut,
523 2153 677 2244 neglectis
689 2153 869 2220 rationibus
882 2151 1058 2233 historicis,
1068 2149 1190 2232 judicio

122 2280 234 2324 senem
244 2258 281 2324 in
295 2259 356 2323 hac
371 2281 407 2322 re
418 2259 492 2348 plus
505 2259 704 2342 tribuamus,
718 2280 816 2347 quam
826 2257 1018 2324 testimoniis
1032 2273 1189 2322 veterum.

123 2363 281 2430 Omnium
293 2364 439 2452 primum
453 2381 563 2430 autem
576 2365 651 2430 satis
663 2381 804 2445 constat,
814 2363 851 2428 L.
863 2365 1022 2429 museum
1035 2362 1190 2428 Senecam

121 2469 356 2558 philosophum
369 2491 444 2535 rere
456 2470 552 2536 etiam
568 2486 698 2559 poetam
714 2461 823 2536 fuisse.
838 2469 922 2534 Nam
936 2486 969 2536 et
981 2469 1113 2534 Tacitus
1126 2469 1191 2534 hoc

121 2574 277 2658 affirmat,
297 2589 332 2642 et
348 2575 572 2659 Quintilianus
590 2599 629 2642 ac
649 2574 772 2642 Plinius
787 2575 911 2656 junior.
932 2576 972 2640 In
989 2575 1039 2640 his
1058 2575 1190 2658 Quinti-

120 2681 224 2746 lianus
234 2681 335 2747 etiam
346 2704 385 2746 ex
401 2680 534 2762 Medea,
547 2705 646 2771 quarn
654 2681 782 2748 Senecas
791 2680 884 2764 dicit,
893 2673 1022 2747 versum
1036 2681 1188 2747 recitarit.

121 2787 229 2869 Quem
256 2785 378 2852 deinde
406 2787 536 2876 sequuti
562 2803 640 2852 tunt
670 2787 869 2876 grammatici
897 2785 1007 2875 plures
1038 2785 1050 2870 (
1073 2785 1108 2852 in
1139 2787 1190 2852 his

120 2892 268 2956 Valerius
286 2891 431 2970 Probus,
455 2907 488 2957 et
509 2894 579 2982 ipse
600 2893 738 2982 scriptor
759 2894 865 2959 saeculi
886 2893 1023 2981 primi),
1046 2915 1189 2980 quorum

120 2999 296 3064 auctoritas
318 2998 456 3063 omnino
475 2996 671 3086 praeferenda
694 2998 823 3064 ridetur
844 2997 980 3066 Sidonio
996 2998 1190 3086 Apollinari,

121 3103 186 3168 iere
201 3103 268 3168 sub
284 3101 383 3168 finem
401 3102 510 3169 saeculi
533 3104 641 3192 quinti
655 3103 699 3170 de
713 3103 891 3169 triumviris
907 3104 977 3168 istis
996 3101 1190 3168 Corduben·

121 3208 210 3272 ttius
234 3208 378 3274 canenti.
404 3209 622 3292 Quintilianus
644 3231 723 3274 vero
744 3207 832 3274 haud
854 3207 953 3273 dubie
974 3209 1010 3272 lt
1030 3211 1189 3274 Annaeum

120 3314 277 3378 Senemm
296 3312 420 3380 Medeae
442 3331 608 3380 auctorem
630 3312 719 3380 dixit.
745 3313 829 3380 Nam
852 3313 928 3378 alias
950 3335 1083 3401 quoque
1104 3311 1191 3378 idem

119 3419 357 3507 philosophum
392 3419 483 3486 illum
511 3443 551 3486 ac
576 3436 809 3509 praeceptorem
837 3419 977 3485 Neronis
1006 3418 1192 3508 'simpliciter

120 3525 277 3592 Senecam
293 3525 453 3616 appellare
470 3529 562 3594 solet.
580 3528 614 3593 Si
630 3528 688 3616 qui
702 3549 782 3592 vero
797 3525 980 3592 auctoritati
993 3526 1061 3607 ejus
1078 3527 1111 3591 in
1128 3529 1192 3593 hoc

121 3653 188 3696 uno
206 3631 395 3698 cedendum
412 3655 482 3699 esse
497 3632 660 3714 judicant,
679 3632 758 3698 nihil
777 3631 932 3720 impedit,
949 3655 1016 3722 quo
1032 3633 1141 3697 minus
1159 3649 1192 3698 et

121 3737 259 3824 reliquas
287 3736 413 3802 fabulas
440 3737 546 3804 eidem
569 3736 765 3826 philosopho
789 3735 996 3819 addicamus,
1020 3739 1082 3802 nisi
1105 3739 1190 3804 forte

120 3865 234 3908 tensus
256 3841 393 3931 quidam
411 3846 522 3910 nescio
542 3844 634 3924 cujus
655 3841 941 3925 dissimilitudinis,
961 3865 1033 3931 quaa
1054 3844 1140 3908 inter
1159 3845 1190 3908 X

120 3948 185 4012 illas
204 3948 377 4038 tragoedias
396 3949 594 4014 intercedere
619 3948 777 4026 videatur,
796 3950 860 4014 hoc
880 3950 1002 4039 exigat,
1024 3966 1190 4014 utcontra

119 4050 213 4118 fidem
229 4055 383 4120 omnium
404 4055 561 4120 librorum
584 4078 689 4120 unum
714 4055 777 4120 hoc
795 4079 878 4144 opus
896 4055 1055 4146 tragicum
1074 4039 1189 4120 dissol-v

6 4179 7 4230 ι
119 4181 249 4243 ramus,
282 4161 421 4247 ejusque
451 4160 620 4246 particulas
652 4161 793 4249 singulas
824 4161 969 4250 pluribus
1001 4161 1190 4224 auctoribus
