3090 5142
369 573 464 668 xxxij
504 573 614 643 nan.
640 551 810 642 namsn
835 573 898 641 na
923 573 997 641 ms
1022 573 1292 642 rancoanns

369 717 434 784 que
447 717 554 759 sermo
567 716 607 758 eo
619 694 728 758 minus
737 710 786 758 est
796 711 951 769 moratus,
959 708 1082 781 quanto
1098 694 1212 782 saepius
1225 709 1317 758 acute
1331 694 1436 756 multa

369 799 458 865 dicit.
469 797 570 882 Quod
582 815 620 863 ut
633 814 718 863 recte
732 797 769 862 fit
781 799 822 862 ab
836 820 894 881 eo,
910 798 954 861 ita
968 797 1109 862 alienum
1121 813 1199 862 esta
1218 812 1340 861 natura.
1356 797 1433 860 Non

369 907 457 970 enirn
483 921 532 970 est
547 904 761 993 singulorum.
785 903 868 969 Nam
887 925 989 995 quum
1007 903 1193 991 qualitatem
1209 904 1308 968 animi
1325 903 1435 968 omnis

371 1011 493 1076 indicet
510 1007 630 1093 oratio,
647 1032 748 1098 eaque
770 1010 819 1074 vel
837 1031 944 1074 mores
963 1010 1198 1098 complectatur
1212 1011 1263 1074 vel
1279 1010 1435 1090 affectus,

371 1139 469 1181 nemo
486 1117 542 1207 qui
559 1133 653 1180 acute
668 1116 825 1204 loquitur,
840 1117 936 1179 talem
950 1137 1019 1180 esse
1035 1137 1069 1180 se
1083 1115 1256 1204 siguificat,
1280 1115 1337 1184 sed
1352 1117 1438 1179 otio·

369 1246 453 1287 sum.
474 1223 573 1286 Poeta
588 1221 697 1288 autem
717 1222 870 1287 imitatur.
888 1221 971 1286 Vide
989 1221 1233 1290 Andromaches
1249 1243 1437 1286 sermonem

369 1329 403 1390 in
415 1326 608 1404 Troadibus.
622 1327 724 1392 Modo
736 1327 816 1391 furit
826 1349 892 1416 prae
906 1325 1018 1392 dolore
1034 1343 1067 1391 et
1081 1327 1185 1391 rabit:
1200 1325 1299 1391 modo
1313 1327 1438 1390 lamen·

372 1451 461 1498 tatur
470 1449 502 1498 ct
514 1433 829 1498 commiserationem
838 1449 957 1516 movet,
967 1449 1116 1520 utquam
1126 1431 1192 1496 filio
1202 1431 1334 1500 abeunti
1345 1449 1438 1498 aeter-

371 1561 452 1602 num
472 1539 542 1602 vale
567 1537 654 1603 dicit.
682 1539 878 1626 Plerumque
899 1553 1007 1602 autem
1033 1553 1082 1601 est
1098 1537 1184 1620 talis,
1210 1538 1339 1624 qualem
1363 1553 1438 1601 tum

370 1645 470 1708 fuisse
487 1659 536 1708 est
559 1665 699 1732 aequum.
721 1645 760 1707 ln
785 1641 994 1708 attribuendo
1023 1665 1156 1730 quoque
1187 1641 1333 1729 (mores)
1357 1665 1438 1706 suos

370 1749 505 1837 singulis
530 1749 640 1813 minor
655 1763 704 1812 est
730 1748 869 1818 Marcus.
891 1747 976 1824 Nam
1002 1747 1152 1836 Thyestoe
1175 1770 1274 1835 quare
1294 1749 1437 1835 optimos

371 1853 480 1920 dedit?
490 1869 548 1917 aut
561 1876 621 1917 cur
636 1875 704 1930 nop
719 1851 873 1920 eosdem?
885 1853 995 1918 Primo
1007 1855 1093 1921 enim
1111 1862 1178 1923 stro»
1194 1853 1300 1918 rides:
1315 1853 1354 1916 St
1364 1868 1439 1918 sunt

371 1973 477 2024 tamen
499 1959 562 2023 Dii.
587 1962 625 2023 ln
646 1957 758 2024 eadem
788 1983 882 2024 scena
906 1959 1052 2026 Stoicum
1070 1983 1078 2024 :
1095 1959 1179 2025 Milrt'
1203 1960 1313 2041 crede,
1329 1959 1438 2047 saltis

373 2087 490 2152 inagna
512 2067 688 2130 nominibus
706 2065 859 2153 placent,
889 2081 922 2130 et
947 2088 1020 2154 quae
1047 2082 1118 2130 tum
1135 2065 1340 2154 procedunt,
1365 2081 1436 2129 tum

373 2186 564 2258 sequuntur.
593 2174 632 2235 ln
656 2171 720 2236 fine
737 2173 832 2236 etiam
849 2173 937 2262 pium
958 2195 965 2236 :
987 2173 1066 2237 libat
1086 2173 1186 2253 enim,
1206 2194 1309 2259 quum
1333 2173 1436 2237 bibit:

372 2273 612 2340 Paternisnina
623 2276 761 2353 libentur)
772 2275 1165 2357 diis,'Tnncdanrtitntur.
1183 2276 1328 2339 Primum
1339 2277 1439 2365 igitur

374 2380 543 2445 dissimiles
559 2381 649 2446 dedit
665 2405 673 2446 t
688 2403 756 2446 non
774 2383 862 2445 enim
879 2382 950 2452 talis
963 2385 1091 2447 Atreus.
1108 2380 1232 2446 Deinde
1244 2381 1436 2470 inaequales:

374 2507 450 2552 uam
468 2484 630 2552 dissimills
650 2477 754 2552 et'sui
771 2503 827 2551 est.
842 2487 989 2551 Alterum
1002 2500 1126 2574 ἀνόμοιον,
1138 2489 1274 2552 alterum
1293 2495 1437 2568 ἀνώμαλον,

376 2590 564 2656 Aristoteles
581 2609 718 2659 vocaret.
747 2593 876 2680 Ulysses
898 2593 931 2655 in
949 2593 1130 2657 Troadibus
1146 2593 1243 2658 etiam
1260 2615 1358 2674 eum,
1382 2593 1439 2680 qui

376 2697 412 2758 in
431 2697 565 2760 Hecuba
580 2715 644 2781 est,
664 2696 847 2763 antecedit:
866 2697 1025 2762 vafritiem
1044 2699 1151 2781 enim,
1170 2715 1329 2786 quantum
1348 2698 1439 2761 locus

376 2802 405 2864 is
427 2797 570 2883 ferebat,
594 2802 727 2868 addidit.
747 2802 849 2868 Graeci
874 2809 947 2885 appa
968 2804 1082 2868 melius
1107 2819 1140 2868 et
1160 2809 1241 2866 δόλιον
1258 2803 1293 2866 id
1311 2819 1438 2866 vocant.

354 2939 360 2952 ·
379 2906 481 2988 Quod
501 2909 535 2970 in
555 2901 664 2972 multis
687 2911 731 2973 illi
749 2907 828 2977 locis
845 2913 977 2978 dederat
997 2909 1178 2998 Euripides.
1198 2909 1369 2997 AEschylus
1396 2910 1439 2972 ob

377 3012 520 3077 innatam
537 3015 754 3080 austeritatem
767 3019 873 3083 minus
889 3018 924 3082 id
937 3016 1177 3104 assequebatur.
1193 3015 1440 3080 Constitutionis

378 3140 512 3206 quoque
531 3119 610 3182 ratio
630 3141 696 3183 non
716 3120 837 3188 eadem.
856 3123 929 3188 Una
943 3122 1044 3185 Marci
1061 3119 1207 3208 OEdipus
1224 3137 1272 3183 est
1292 3119 1373 3183 mire
1389 3141 1440 3183 ar·

380 3223 513 3288 tiliciosa
531 3246 540 3288 ι
557 3223 624 3288 sola
643 3225 728 3288 enim
748 3243 781 3290 et
802 3227 1002 3316 agnitionem
1022 3243 1055 3291 et
1073 3226 1288 3296 mutationem
1308 3225 1342 3288 in
1360 3246 1440 3289 con·

379 3329 514 3392 tranium
522 3329 631 3394 habet.
641 3330 704 3394 Sed
713 3353 751 3395 ex
769 3331 928 3419 Sophocle
940 3353 1088 3419 expressa
1097 3346 1154 3395 est.
1165 3331 1236 3394 Hoc
1245 3345 1441 3418 perpetuum

379 3450 428 3496 est
444 3431 609 3522 Euripidi,
634 3453 673 3499 ut
686 3438 829 3528 prologis
843 3438 911 3516 suis
927 3436 1048 3501 nudam
1065 3436 1247 3526 argumenti
1266 3436 1441 3524 expositio·

379 3561 455 3601 nem
473 3539 603 3604 intexat:
624 3540 691 3622 Qui
709 3542 799 3629 quod
823 3544 1003 3608 uniformes
1021 3543 1108 3622 sint,
1127 3541 1237 3604 festive
1260 3539 1302 3604 ab
1318 3541 1441 3605 Aristo·

378 3644 485 3732 phane
500 3631 676 3710 vexantur:
692 3635 802 3734 quales
814 3665 847 3712 et
858 3645 1034 3712 nonnullos
1052 3646 1188 3736 collegit.
1206 3647 1244 3710 ln
1262 3669 1340 3727 una,
1352 3643 1441 3733 quod

379 3749 598 3832 meminerim,
616 3751 782 3839 Iphigenia
799 3753 832 3815 in
850 3753 987 3834 Aulide,
1010 3775 1050 3816 ex
1066 3752 1103 3816 iis
1122 3773 1194 3838 quae
1210 3767 1355 3834 exstant,
1378 3751 1442 3814 hoc

378 3874 445 3915 non
462 3854 652 3919 obsemavit.
672 3855 847 3943 Sophocles
870 3857 996 3922 occulte
1012 3855 1047 3920 id
1064 3856 1153 3945 agit:
1171 3870 1203 3918 et
1226 3877 1293 3919 non
1315 3877 1442 3943 semper

379 3959 436 4022 uni
456 3961 640 4024 committit.
668 3959 926 4050 Nonnumquam
950 3985 1019 4027 rem
1046 3961 1233 4049 simpliciter
1251 3959 1441 4049 ingreditur,

377 4081 414 4127 ut
428 4065 611 4155 AEscllylus.
628 4066 756 4131 Marcus
768 4116 777 4150 ,
791 4091 882 4133 more
900 4067 1083 4156 Euripidis,
1100 4079 1238 4131 συνεκτικὸν
1250 4083 1293 4138 τῆς
1304 4078 1440 4136 ὑποθέσεως

374 4171 556 4257 praemittit,
571 4169 604 4234 id
617 4188 666 4235 est
681 4172 797 4238 fabulae
813 4174 994 4253 subjectum
1013 4173 1148 4262 prologo
1166 4172 1350 4236 committit.
1360 4169 1441 4234 Vide
