3118 5138
375 513 451 606 cxvj
595 517 658 583 DE
683 511 941 584 GENERIBUS
966 514 1219 584 CARMINUM

372 647 477 735 primo
495 661 527 710 et
542 645 637 709 tertio
656 645 845 727 trochaeum,
859 645 910 708 vel
926 645 1119 733 spondeum,
1127 643 1177 708 vel
1193 641 1377 731 dactylum
1394 663 1441 704 se·

370 753 499 834 cundo,
517 767 649 840 quarto,
668 767 701 816 et
714 753 830 840 quinto
847 751 1045 835 trochaeum5
1059 752 1146 816 ut'in
1166 750 1311 838 OEdipo,

491 879 603 931 Protulit
616 877 692 932 tellus
704 890 751 931 eut
764 878 858 950 anguis
870 878 940 932 imis.

413 1010 453 1074 ln
466 1013 728 1100 Agamemnone,

490 1139 610 1192 Deseruit
622 1140 698 1212 fugas
709 1157 859 1212 nomenque
869 1141 950 1212 genti.

414 1279 555 1362 Ibidem,

493 1407 532 1459 Te
543 1405 613 1460 duce
623 1403 739 1462 concidit
752 1404 863 1459 totidem
874 1403 975 1460 diebus.

340 1533 343 1540 .
410 1554 448 1617 ln
473 1575 538 1640 qua
560 1552 715 1644 tragoedia
737 1553 850 1641 plures
873 1576 985 1618 versus
1005 1549 1189 1634 ejusmodi,
1208 1549 1266 1615 scd
1289 1550 1426 1638 sparsim

369 1658 588 1724 inveniuntur.

495 1799 509 1812 .
521 1789 542 1824 0
626 1799 641 1813 -
654 1787 674 1823 ο
753 1799 790 1814 -.
853 1798 869 1812 .
980 1800 995 1812 .

406 2094 556 2178 Impurus
571 2105 620 2154 est
634 2089 705 2170 ille,
725 2090 781 2176 qui
797 2087 871 2164 loco
890 2089 1037 2154 seeundo
1056 2088 1239 2178 spondeum
1254 2086 1362 2151 babet.

486 2221 556 2274 Vicit
568 2222 681 2294 acceptis
693 2241 776 2293 quum
793 2221 867 2275 fulsit
879 2222 966 2275 armis.

407 2352 506 2430 ltem,

484 2476 587 2531 Fraude
599 2496 646 2531 sua
661 2479 732 2551 capti
746 2477 871 2531 caderent
882 2477 993 2549 Pelasgi.

405 2617 560 2700 Quamvis
575 2633 651 2705 post
666 2618 746 2681 duas
763 2633 886 2698 mutas,
904 2615 1044 2680 vocalem
1066 2631 1253 2703 sequentes,
1273 2631 1428 2702 utraque,

361 2722 480 2812 syllaba
501 2739 648 2811 correpta
666 2723 728 2811 legi
744 2737 874 2810 posset,
899 2721 1026 2784 licentia
1039 2738 1169 2803 vetere,
1186 2736 1224 2783 ut
1240 2743 1352 2784 versus
1373 2721 1427 2784 ille

362 2826 448 2916 apud
462 2827 620 2908 Gellium,
639 2850 678 2890 ex
696 2826 921 2890 emendatione
935 2826 1067 2904 Aloiati,

483 2961 626 3033 Postquam
640 2975 679 3014 est
691 2971 778 3014 morte
789 2970 881 3032 captus
891 2959 1018 3021 Plautus,
1032 2955 1167 3012 Comoedia
1181 2957 1262 3028 luget.

401 3103 485 3168 Nam
500 3105 534 3166 in
552 3101 696 3168 secundo
712 3103 784 3166 loco
802 3101 947 3189 dactylus
966 3117 1028 3182 est,
1043 3115 1178 3188 propter
1187 3115 1228 3188 pt
1242 3100 1352 3165 literas
1367 3125 1426 3166 vo-

361 3210 460 3274 calem
477 3225 669 3296 sequentes:
686 3223 725 3272 ut
740 3207 827 3295 apud
842 3205 988 3285 Graecos,

476 3332 581 3403 Θρήνους
596 3331 776 3402 τ’Δίγυπτίων.

401 3456 465 3521 Sed
481 3471 646 3520 auctorem
667 3471 816 3519 nostrum
832 3456 940 3518 minus
953 3452 1191 3538 borridum,ab
1207 3453 1268 3518 hac
1281 3475 1423 3518 consue·

359 3562 592 3649 tudineplane
612 3561 804 3626 abstinuisse
820 3560 967 3624 arbitror.
987 3561 1140 3645 Impurus
1158 3557 1270 3622 itidem
1296 3558 1365 3641 ille,
1386 3559 1420 3621 iu

357 3690 423 3756 quo
440 3665 515 3730 sede
533 3665 676 3731 secunda
700 3687 760 3753 pro
783 3665 923 3728 trochaeo
940 3663 1075 3752 ponitur
1097 3679 1293 3752 anapaestus,
1319 3681 1357 3728 ut
1386 3665 1420 3727 in

356 3775 617 3861 Agamemnone,

474 3901 568 3956 Tradit
578 3903 700 3956 thalamis
711 3902 838 3974 virginem
851 3901 977 3956 relictam.

398 4079 453 4140 lv.
476 4075 689 4138 Trochaicum
711 4075 892 4139 trimetrum
909 4074 1201 4162 hypercatalectum
1214 4123 1223 4157 ,
1235 4076 1335 4140 babet
1350 4094 1419 4140 tro-
