3210 5140
335 504 403 586 ιιι
618 499 656 566 L.
685 495 862 566 suuni
890 497 1108 568 saraca

382 630 557 702 Distendat
579 629 664 718 alto3
686 655 855 724 quumque
874 646 1029 701 revocata
1050 633 1122 700 vice

382 743 422 820 ln
444 763 478 808 se
497 737 651 822 coibunt,
672 761 815 830 saxaque
836 739 870 807 in
893 737 1009 808 caelurn
1032 740 1218 833 expriment

384 846 472 914 Actis
490 845 644 937 utrinque
660 843 797 936 rupibus
815 845 961 914 medium
978 867 1087 934 mare,

384 955 457 1046 Ego
473 951 618 1044 inquieta
633 950 796 1018 montium
812 951 939 1045 jaceam
954 973 1057 1020 mora.
1349 983 1398 1022 ms

385 1059 476 1147 Quin
495 1070 658 1126 structum
677 1079 836 1126 acervans
851 1081 988 1126 nemore
1003 1071 1162 1151 congesto
1180 1081 1353 1152 aggerem,

387 1165 516 1234 Cruore
533 1187 656 1256 corpus
679 1163 782 1256 impio
800 1187 951 1258 sparsum
972 1162 1106 1234 cremo?

334 1377 421 1430 forsan
436 1369 510 1443 quotl
527 1390 612 1442 parvo
625 1369 746 1424 discreta
761 1371 843 1426 iuter·
890 1391 924 1426 an
937 1369 994 1426 boc¹
1005 1373 1143 1444 intelligat.
1155 1375 1218 1428 Noa
1229 1386 1333 1428 tautum
1342 1387 1403 1428 coa·

336 1455 405 1508 vallo
419 1451 500 1505 modo
516 1449 618 1514 dividi,
631 1451 713 1503 modo
728 1449 845 1504 adhare·
890 1451 938 1506 scii
955 1452 1033 1506 nobis
1045 1471 1135 1507 sumus
1149 1473 1198 1507 nos
1211 1454 1267 1508 bac
1279 1453 1350 1508 recte
1361 1455 1402 1508 in-

335 1555 380 1597 re,
392 1531 575 1603 navigantibus
587 1529 752 1584 viderentur.
765 1531 847 1602 Optat
892 1531 1025 1604 telligere,
1041 1531 1086 1586 sed
1106 1525 1320 1588 etiam'consctoa
1341 1535 1403 1588 alios

336 1614 418 1686 igitur
434 1610 580 1675 Hercules,
594 1609 689 1663 dolore
701 1629 806 1677 amens,
818 1623 848 1664 ut
891 1631 945 1666 non
958 1631 1118 1666 recusamus.
1136 1612 1220 1686 Optat
1238 1632 1266 1667 se
1284 1613 1402 1668 medium

336 1707 448 1764 utraque
470 1691 554 1743 insula
577 1704 718 1762 utramque
738 1709 847 1744 manum
889 1695 977 1762 jacere
990 1693 1060 1746 inter
1075 1692 1140 1746 duas
1153 1693 1359 1767 Symplegades,
1374 1695 1404 1748 il·

337 1792 411 1828 suam
424 1769 563 1825 discedens
576 1771 723 1833 abstrahat,
738 1771 849 1824 nonali·
891 1773 979 1826 larum
1002 1774 1076 1825 velut
1097 1793 1206 1837 maram,
1231 1772 1404 1846 impedimen·

339 1869 380 1908 ter
395 1871 425 1906 ac
441 1852 463 1904 si
479 1849 579 1922 quisin
595 1851 748 1923 oppositum
766 1869 849 1904 ruen·
893 1865 966 1917 tum,
986 1853 1111 1918 obicem;
1136 1854 1184 1925 qui
1206 1872 1248 1906 eas
1267 1864 1404 1920 moretur,

338 1935 410 1986 tibus
427 1932 503 2003 equis
521 1929 694 2001 discerpatur.
715 1933 756 1983 De
776 1931 851 2002 Sym·
892 1945 964 1986 vetet
979 1945 1027 1986 aut
1047 1933 1109 1986 satis
1124 1947 1195 1987 arcte
1215 1933 1339 2005 conjungi
1359 1945 1404 1988 aut

338 2011 495 2085 plegadibus
515 2011 623 2062 consule
648 2009 776 2064 Herodot.
800 2013 850 2075 lv,
893 2031 985 2066 rursus
1009 2011 1139 2080 distrahi;
1167 2031 1279 2084 eamque
1301 2031 1403 2065 moram

342 2090 850 2162 855Apollon.ll,317,et5513Plin.
894 2095 1043 2164 inquietam,
1071 2111 1118 2146 sen
1145 2111 1204 2163 quse
1226 2091 1404 2146 identidema

340 2175 391 2238 lV,
405 2172 451 2236 13,
466 2183 492 2222 et
502 2171 560 2234 VI,
576 2188 626 2234 ιη
640 2170 771 2241 Pompon.
786 2171 850 2224 rtet.
894 2173 1038 2226 commissis
1049 2171 1167 2243 scopulis
1177 2172 1347 2228 sollicitetur.
1358 2173 1406 2224 im·

339 2255 383 2318 ll,
401 2272 432 2319 7;
456 2247 538 2303 ovid.
563 2251 670 2302 Metam.
689 2251 758 2316 XV,
779 2251 849 2321 337·
894 2264 1013 2323 petatur,
1027 2253 1249 2323 inquietetursut
1263 2249 1406 2324 apudVir·

340 2334 440 2386 Lucan.
456 2331 498 2391 11,
514 2333 585 2399 7ιὸ,
598 2331 689 2382 Valer.
703 2331 816 2384 Flacci
844 2369 852 2398 ‚
876 2332 1004 2402 ’gilium
1022 2333 1152 2384 Abantem
1169 2351 1260 2402 pagna
1275 2332 1406 2404 nodumque

342 2415 415 2483 637,
436 2423 463 2463 et
478 2409 655 2463 nostrimet.
671 2409 737 2473 34ι.
895 2430 1048 2485 moramqae;
1067 2409 1138 2482 apud
1158 2411 1281 2476 Florum,
1299 2413 1407 2482 scoprdus

385 2509 467 2544 tata.
493 2489 624 2541 Dt'stendat
649 2490 708 2542 alto.
733 2489 803 2542 Hinc
826 2501 853 2541 et
895 2503 918 2543 et
938 2493 1014 2546 modas
1031 2504 1056 2543 et
1070 2511 1137 2543 mora
1151 2493 1255 2562 publicae
1274 2495 1407 2544 securitatis

341 2573 415 2626 illinc
432 2587 512 2641 super
528 2587 600 2622 mare
615 2581 733 2622 extensas
748 2581 774 2622 et
788 2587 852 2638 por·
896 2572 1038 2633 Antonius,-
1060 2572 1088 2624 in
1104 2571 1189 2642 prosis
1207 2571 1330 2635 Senecae,
1344 2591 1407 2623 com-

340 2660 528 2706 rectrateneat.
538 2681 575 2692 —
585 2650 773 2701 tremutantia.
784 2649 853 2700 Jun·
896 2656 1008 2704 missuras
1018 2664 1042 2702 at
1054 2671 1147 2716 moras,
1163 2651 1238 2724 quod
1250 2645 1329 2706 etiaim
1341 2652 1408 2706 male

341 2743 442 2804 guntur
458 2729 530 2781 enim
548 2740 577 2781 et
589 2727 747 2781 dividuntur
762 2729 855 2782 insula
897 2731 1081 2784 sollicitarunt,
1096 2757 1107 2778 ι

342 2811 418 2883 qussi
431 2811 566 2880 perviam.
942 2817 1025 2864 1216.
1050 2813 1136 2879 (iaia,
1152 2824 1203 2864 etc.
1224 2813 1303 2866 utut
1319 2811 1408 2884 potius

387 2888 469 2944 tari.
494 2889 524 2940 Ia
546 2887 647 2950 calam,
664 2899 716 2942 etc.
737 2887 855 2959 Saxaque
897 2911 946 2944 cur
969 2911 1025 2944 nou
1051 2890 1122 2944 caesis
1147 2891 1289 2944 arboribus
1314 2909 1408 2963 pyram

342 2971 408 3026 hinc
425 2981 452 3022 et
474 2968 549 3020 illinc
568 2967 733 3021 recurrentia
755 2967 855 3020 medias
898 2985 1045 3035 construo,
1059 2987 1111 3042 qua
1125 2989 1223 3041 corpus
1237 2971 1289 3024 boc
1300 2969 1409 3023 scelera-

344 3049 445 3114 undas,
459 3047 555 3102 collisu
571 3065 620 3099 suo
635 3047 808 3122 interceptas,
826 3049 856 3100 in
900 3063 958 3104 tam
973 3049 1125 3104 crement?-
1146 3048 1249 3103 Alludit
1264 3051 1361 3104 Noster
1376 3047 1410 3103 ad

345 3132 439 3186 caelum
453 3127 795 3198 immittunt-Exprimereiu
808 3147 856 3180 cae·
901 3131 1022 3185 OEtaenm
1051 3149 1153 3202 rogum.
1182 3128 1308 3202 Euripid.
1331 3129 1409 3182 Herc.

345 3212 393 3264 Iam
417 3227 468 3281 pro
493 3211 617 3260 immittere
641 3210 666 3259 ia
691 3208 774 3260 caiam
800 3227 856 3260 non
901 3212 1063 3274 luntrib:
1082 3210 1191 3280 ιΟἶμιι·
1204 3217 1227 3264 τί
1238 3206 1273 3265 <li
1284 3229 1311 3280 γι
1327 3206 1410 3280 φείδο-

344 3289 471 3361 exemplis
493 3301 520 3341 et
544 3287 744 3342 auctoritatibus
764 3301 855 3356 caret3
902 3311 947 3362 par
968 3291 1043 3360 ψυχῆς
1065 3291 1139 3362 ἐμῆς,
1155 3295 1208 3342 Tor
1226 3289 1348 3360 φιλτάτων
1370 3309 1410 3360 μοι

347 3370 409 3424 Sea.
430 3367 465 3422 de
480 3381 565 3428 const.
583 3387 639 3438 sap.
659 3373 694 3430 4:
718 3369 781 3438 Qua
802 3387 857 3420 ner·
901 3365 1029 3442 γιιόμινός
1041 3367 1139 3423 παίδων
1152 3371 1233 3440 φονεὺς
1238 3403 1285 3424 .....
1297 3369 1412 3440 Hcaipxa

348 3471 377 3504 aa
393 3451 539 3502 tormentisne
557 3453 582 3500 ia
596 3449 671 3499 altam
685 3451 855 3519 exprimuntur.
902 3452 946 3508 τὴν
971 3452 1030 3521 ipim
1055 3451 1234 3521 marspnprlaac
1255 3450 1326 3522 napi,
1348 3450 1412 3501 Atia-

348 3533 414 3586 cas.
430 3529 497 3581 Bell.
519 3527 612 3581 Gallie.
627 3529 699 3593 vll,
716 3547 749 3582 aa
766 3545 773 3580 ε
795 3529 857 3580 Tur·
902 3537 1000 3594 ιιλιιαν,
1013 3531 1029 3586 ἢ
1040 3532 1105 3599 μένει
1121 3529 1157 3596 μ’,
1170 3529 1312 3601 ἀπώσομαι·
1320 3530 1384 3594 βίου;
1397 3555 1409 3576 ι

348 3615 409 3664 rium
424 3608 592 3670 altitudinem,
608 3619 723 3678 quantam
738 3609 783 3659 iras
799 3627 859 3679 qao·
902 3643 942 3652 -
953 3610 1065 3662 Nemore.
1086 3609 1139 3660 Pro
1158 3609 1296 3662 arboribus
1318 3621 1363 3660 aut
1380 3608 1412 3660 li-

349 3691 454 3742 ttdianus
469 3705 546 3757 agger
559 3700 726 3757 expresserat,
745 3689 859 3759 adaequa·
903 3689 976 3759 gnis,
990 3707 1039 3759 per
1047 3686 1243 3758 synecdochen.
1257 3691 1296 3742 De
1309 3707 1362 3740 una
1375 3707 1414 3739 ar·

348 3771 415 3822 bant.
431 3766 501 3820 llirt.
513 3765 629 3820 debello
643 3769 718 3820 Alex.
731 3771 749 3820 6
761 3787 768 3819 r
780 3769 860 3840 Aqua
903 3771 969 3821 bore
983 3766 1168 3840 significanda,
1182 3769 1251 3821 banc
1263 3787 1354 3822 uocem
1367 3765 1413 3820 ad·
1427 3815 1436 3843 f

347 3865 460 3918 magnam
476 3850 524 3897 uim
537 3866 567 3897 ec
580 3851 641 3898 mari
655 3851 713 3900 rotis
728 3867 757 3899 ac
769 3849 859 3899 maelii·
903 3848 990 3900 bibuit
1001 3847 1146 3912 Martialis,
1162 3848 1218 3912 lx,
1235 3853 1289 3912 62,
1302 3867 1327 3900 v.
1340 3868 1367 3916 9.

346 3926 483 3981 nationibus
494 3928 631 3995 reprimere.
947 3929 1141 3999 1217.Cruore
1143 3968 1188 3982 .....
1210 3933 1288 4000 impio.
1311 3929 1414 3982 Cruore

387 4007 471 4060 121⁵.
482 4007 541 4073 Ego
554 4007 675 4078 inquieta,
689 4019 739 4059 etc.
755 4009 794 4060 De
806 4007 858 4060 hoc
902 4007 984 4078 impie
997 4009 1097 4072 effuso,
1110 4021 1141 4061 ut
1154 4027 1235 4080 supra
1247 4027 1324 4062 versu
1341 4010 1414 4072 484,

344 4089 404 4142 loco
424 4084 603 4140 Gronovius:
622 4113 634 4133 ι
653 4087 785 4139 Convenit
803 4103 857 4138 mt-
896 4091 988 4156 justum
1003 4092 1156 4158 sangninem,
1177 4088 1212 4141 ad
1231 4108 1310 4162 quent
1327 4089 1414 4141 locum

332 4187 411 4241 gutte
419 4166 534 4235 Scaliger
540 4165 729 4219 conscientiam
739 4166 857 4229 lectoris,
902 4165 956 4218 vid.
972 4186 1030 4237 qum
1043 4167 1201 4222 notavimus.
