3090 5142
419 541 557 611 NOVI
581 546 845 616 EDITORIS.
1092 540 1161 634 xvij

254 679 335 733 Musa
350 673 530 734 cothurnato
547 677 594 735 cui
612 677 692 736 dedit
706 697 757 736 ore
773 676 867 754 loqui,

173 771 319 826 Hactenus
333 766 455 844 antiqno
473 769 596 828 nimium
612 771 734 849 spoliata
750 769 862 838 nitore,

253 863 334 918 Nunc
349 871 446 917 tamen
464 861 502 918 ad
517 862 644 939 priscum
661 861 720 920 visa
734 858 842 920 redisse
850 857 949 937 jubar,

170 957 219 1011 Te
232 950 311 1009 Ralbi
325 953 490 1011 meminisse
507 954 605 1025 decet,
618 955 681 1032 qui,
697 953 797 1012 codice
812 954 904 1011 multo

253 1044 383 1116 Collato,
398 1043 463 1102 haeo
479 1045 582 1106 tribuit
597 1066 718 1105 munera
732 1058 810 1104 tanta
824 1044 885 1104 tibi.

170 1137 322 1213 Multaque
336 1138 522 1216 Vuollgango
538 1138 660 1198 debetur
673 1139 781 1217 gratia,
802 1137 884 1215 cujus

251 1233 321 1286 Haec
335 1230 409 1287 nitet
423 1231 529 1288 artifici
545 1231 627 1290 litera
638 1251 737 1309 pressa
749 1250 845 1288 manu.

168 1325 213 1379 lte
230 1321 341 1379 alacres
357 1322 456 1399 igitur,
476 1325 627 1402 paucisne
643 1324 751 1402 parcite
768 1322 904 1394 nummis,

252 1413 382 1486 Quan'do
399 1428 497 1492 potest
512 1416 631 1475 minimo
644 1416 787 1476 maximus
802 1427 903 1474 auctor
918 1413 998 1492 emb

140 1537 199 1606 llis
212 1535 377 1610 collectis
391 1538 578 1627 subsidiis,
592 1539 656 1612 ubi
670 1563 818 1611 manum
832 1535 975 1609 admovi
990 1540 1109 1634 operi,
1125 1535 1161 1607 id

100 1660 178 1730 mibi
191 1662 354 1757 primum
369 1667 536 1760 praecepi,
555 1677 594 1733 ut
608 1685 807 1760 numquam
822 1660 877 1731 vel
894 1659 1065 1740 meas,vel
1077 1659 1161 1730 alio-

102 1807 172 1852 rum
205 1782 439 1876 conjecturas
469 1785 672 1855 auctoritati
702 1787 1031 1880 manuscriptorum
1061 1795 1159 1854 vete·

102 1929 243 2002 rumque
268 1905 450 1978 librorum
478 1906 712 1997 anteferrem,
735 1904 965 2003 intelligenda
991 1904 1161 1979 exhiben-

103 2030 194 2114 tium;
208 2043 302 2100 tunc.
328 2028 560 2102 solummodo
578 2031 794 2126 conjecturis
819 2029 940 2100 locum
965 2053 1041 2100 esse
1062 2027 1159 2100 arbi·

107 2165 215 2238 tratus,
229 2177 354 2248 quum
374 2177 443 2224 neo
457 2153 634 2249 vulgatam
654 2154 848 2225 lectionem
866 2152 941 2223 ullo
954 2151 1064 2224 modo
1078 2176 1160 2249 pos·

105 2275 141 2345 sis
163 2279 419 2374 interpretari,
445 2303 513 2350 nec
541 2282 576 2348 in
602 2279 726 2375 priscis
749 2275 934 2348 codicibus
957 2274 1157 2372 quidquam

106 2398 233 2470 remedii
256 2401 489 2472 inveniatur:
507 2400 667 2498 alioquin
685 2402 838 2499 receptis
861 2398 1077 2470 lectionibus
1095 2397 1159 2470 ad·

104 2519 321 2610 berendum,
334 2524 476 2594 etiamsi
497 2523 626 2596 melius
644 2521 780 2620 aliquid
796 2523 990 2621 excogitari
1001 2536 1112 2620 queat
1124 2536 1161 2594 et

105 2645 331 2744 probabilius.
360 2651 443 2718 Non
467 2647 562 2716 enim
584 2648 792 2744 castigatum
811 2669 926 2743 osque
943 2659 979 2716 et
1000 2643 1157 2743 perpoli-

104 2783 165 2838 tum
181 2785 215 2840 et
237 2774 351 2840 omni
374 2793 527 2840 numero
547 2769 754 2840 absolutum
776 2774 988 2867 scriptorem
1007 2769 1159 2864 requiri·

105 2915 168 2962 nus
182 2907 215 2964 et
229 2907 506 2991 exspectamus,
519 2891 580 2964 sed
594 2891 738 2988 qualem
752 2890 880 2962 habuit
891 2893 1106 2988 Antiquitas,
1117 2905 1158 2962 ut

103 3015 293 3104 virtutibus,
308 3017 360 3087 sic
370 3030 406 3086 et
416 3016 573 3115 propriis
587 3014 783 3086 notabilem
798 3017 902 3100 vitiis,
917 3039 996 3110 quae
1009 3014 1167 3098 servari„

104 3163 162 3208 non
181 3142 311 3211 minus
337 3163 447 3236 quam
471 3140 565 3237 ipsas
585 3143 753 3220 virtutes,
775 3137 821 3209 ad
842 3136 1013 3209 tuendam
1038 3138 1157 3236 operis

105 3263 339 3360 integritatem
368 3260 520 3333 confert.
557 3265 647 3353 Quis
665 3261 808 3334 dubitet
826 3263 917 3357 quin
934 3261 1011 3330 sani
1029 3258 1157 3356 aliquis

100 3385 206 3478 judicii
232 3403 271 3460 et
305 3388 403 3457 acuti
431 3387 564 3484 ingenii
591 3389 641 3457 ita
676 3389 819 3456 Senecae
851 3397 989 3455 textum
1020 3397 1159 3455 mutare

103 3513 211 3604 possit,
226 3526 271 3582 ut
287 3509 553 3581 reconcinnatae
566 3523 602 3579 et
615 3506 838 3604 interpolatae
851 3502 1032 3604 tragoedia
1046 3507 1157 3604 magis

103 3656 192 3728 qnam
218 3636 346 3733 ipsum
376 3636 519 3704 Seneca
549 3656 643 3730 opus
674 3632 804 3702 criticis
831 3629 1016 3728 placeant?
1034 3634 1155 3728 Ipsum

102 3769 204 3830 tamen
239 3764 388 3831 Senecae
428 3781 521 3856 opus
558 3755 829 3842 exhibendum,
862 3755 969 3853 quale
1006 3758 1155 3852 antiqua

102 3894 170 3950 atas
185 3881 314 3952 mediae
338 3879 503 3967 tradidit,
522 3884 644 3951 nativo
664 3892 700 3950 et
721 3880 933 3976 incorrupto
953 3876 1091 3964 colore,
1119 3891 1155 3948 et

101 4000 258 4100 ablegatis
271 4005 431 4076 recentis
449 4001 653 4101 philologiae
671 4002 921 4074 condimentis.
935 4006 1070 4076 Contra
1085 4001 1155 4098 ple-

101 4125 191 4221 rique
210 4142 379 4224 receptas
406 4127 578 4198 lectiones
608 4141 781 4223 torquent
815 4137 1073 4220 exercentque,
1109 4147 1155 4194 ne
