<?xml version="1.0" encoding="UTF-8"?>
<!DOCTYPE html PUBLIC "-//W3C//DTD XHTML 1.0 Transitional//EN"
    "http://www.w3.org/TR/xhtml1/DTD/xhtml1-transitional.dtd">
<html xmlns="http://www.w3.org/1999/xhtml" xml:lang="en" lang="en">
 <head>
  <title>
</title>
<meta http-equiv="Content-Type" content="text/html;charset=utf-8" />
  <meta name='ocr-system' content='tesseract 3.04.00' />
  <meta name='ocr-capabilities' content='ocr_page ocr_carea ocr_par ocr_line ocrx_word'/>
</head>
<body>
  <div class='ocr_page' id='page_1' title='image "./lannsenecparste02piergoog_0614.png"; bbox 0 0 3070 5158; ppageno 0'>
   <div class='ocr_carea' id='block_1_1' title="bbox 404 493 1195 636">
    <p class='ocr_par' dir='ltr' id='par_1_1' title="bbox 404 493 1195 636">
     <span class='ocr_line' id='line_1_1' title="bbox 404 493 1195 636; baseline -0.001 -30"><span class='ocrx_word' id='word_1_1' title='bbox 404 493 922 608; x_wconf 74' lang='lat' dir='ltr'>tutusovunstouus.</span> <span class='ocrx_word' id='word_1_2' title='bbox 1123 539 1195 636; x_wconf 74' lang='lat'>449</span> 
     </span>
    </p>
   </div>
   <div class='ocr_carea' id='block_1_2' title="bbox 94 664 1193 1769">
    <p class='ocr_par' dir='ltr' id='par_1_2' title="bbox 94 664 1193 819">
     <span class='ocr_line' id='line_1_2' title="bbox 94 664 1193 739; baseline 0.006 -19"><span class='ocrx_word' id='word_1_3' title='bbox 94 722 98 733; x_wconf 71' lang='grc'>,</span> <span class='ocrx_word' id='word_1_4' title='bbox 175 664 241 736; x_wconf 77' lang='lat'>¹³7·</span> <span class='ocrx_word' id='word_1_5' title='bbox 257 664 310 718; x_wconf 81' lang='lat' dir='ltr'>Sttt</span> <span class='ocrx_word' id='word_1_6' title='bbox 326 677 350 718; x_wconf 83' lang='lat' dir='ltr'>et</span> <span class='ocrx_word' id='word_1_7' title='bbox 369 677 472 737; x_wconf 75' lang='lat' dir='ltr'>nepotes.</span> <span class='ocrx_word' id='word_1_8' title='bbox 485 665 547 732; x_wconf 80' lang='lat' dir='ltr'>sic,</span> <span class='ocrx_word' id='word_1_9' title='bbox 562 685 595 720; x_wconf 86' lang='lat' dir='ltr'>ex</span> <span class='ocrx_word' id='word_1_10' title='bbox 609 665 779 731; x_wconf 77' lang='lat' dir='ltr'><strong>Florentino,</strong></span> <span class='ocrx_word' id='word_1_11' title='bbox 791 665 932 723; x_wconf 83' lang='lat' dir='ltr'>Bedenitts.</span> <span class='ocrx_word' id='word_1_12' title='bbox 949 669 982 720; x_wconf 80' lang='lat' dir='ltr'>tn</span> <span class='ocrx_word' id='word_1_13' title='bbox 997 667 1079 724; x_wconf 78' lang='lat' dir='ltr'>Puris.</span> <span class='ocrx_word' id='word_1_14' title='bbox 1098 670 1193 739; x_wconf 83' lang='grc'><strong>8163,</strong></span> 
     </span>
     <span class='ocr_line' id='line_1_3' title="bbox 123 743 1132 819; baseline 0.004 -21"><span class='ocrx_word' id='word_1_15' title='bbox 123 747 178 800; x_wconf 76' lang='lat' dir='ltr'>eidi</span> <span class='ocrx_word' id='word_1_16' title='bbox 191 759 293 817; x_wconf 82' lang='lat' dir='ltr'>nepotes.</span> <span class='ocrx_word' id='word_1_17' title='bbox 308 743 400 798; x_wconf 75' lang='lat' dir='ltr'>Ceteri</span> <span class='ocrx_word' id='word_1_18' title='bbox 411 745 489 811; x_wconf 76' lang='lat' dir='ltr'>libri,</span> <span class='ocrx_word' id='word_1_19' title='bbox 504 763 549 798; x_wconf 85' lang='lat' dir='ltr'>sen</span> <span class='ocrx_word' id='word_1_20' title='bbox 558 745 729 816; x_wconf 84' lang='lat' dir='ltr'>tnennsoripti</span> <span class='ocrx_word' id='word_1_21' title='bbox 740 783 749 810; x_wconf 87' lang='lat'>‚</span> <span class='ocrx_word' id='word_1_22' title='bbox 759 763 806 800; x_wconf 86' lang='lat' dir='ltr'>seu</span> <span class='ocrx_word' id='word_1_23' title='bbox 818 747 921 810; x_wconf 85' lang='lat' dir='ltr'>excusi,</span> <span class='ocrx_word' id='word_1_24' title='bbox 933 765 963 798; x_wconf 81' lang='lat' dir='ltr'>re</span> <span class='ocrx_word' id='word_1_25' title='bbox 972 747 1018 800; x_wconf 76' lang='lat' dir='ltr'>nti</span> <span class='ocrx_word' id='word_1_26' title='bbox 1029 761 1132 819; x_wconf 80' lang='lat' dir='ltr'><em>nepotes.</em></span> 
     </span>
    </p>

    <p class='ocr_par' dir='ltr' id='par_1_3' title="bbox 124 823 1191 976">
     <span class='ocr_line' id='line_1_4' title="bbox 176 823 1191 896; baseline 0.002 -16"><span class='ocrx_word' id='word_1_27' title='bbox 176 827 240 894; x_wconf 80' lang='lat'><strong>¹39·</strong></span> <span class='ocrx_word' id='word_1_28' title='bbox 263 823 376 877; x_wconf 81' lang='lat' dir='ltr'>Hoersbo.</span> <span class='ocrx_word' id='word_1_29' title='bbox 398 824 560 896; x_wconf 76' lang='lat' dir='ltr'><strong>conjiciebat</strong></span> <span class='ocrx_word' id='word_1_30' title='bbox 579 825 638 878; x_wconf 85' lang='lat' dir='ltr'>Nie.</span> <span class='ocrx_word' id='word_1_31' title='bbox 658 825 799 890; x_wconf 79' lang='lat' dir='ltr'>Heinsius,</span> <span class='ocrx_word' id='word_1_32' title='bbox 820 826 862 878; x_wconf 84' lang='lat' dir='ltr'>En</span> <span class='ocrx_word' id='word_1_33' title='bbox 882 826 974 892; x_wconf 79' lang='lat' dir='ltr'>ltoereo,</span> <span class='ocrx_word' id='word_1_34' title='bbox 991 841 1038 882; x_wconf 80' lang='lat' dir='ltr'>ent</span> <span class='ocrx_word' id='word_1_35' title='bbox 1054 829 1191 895; x_wconf 67' lang='lat' dir='ltr'>Hoersonrr</span> 
     </span>
     <span class='ocr_line' id='line_1_5' title="bbox 124 902 1000 976; baseline 0 -18"><span class='ocrx_word' id='word_1_36' title='bbox 124 905 229 976; x_wconf 81' lang='lat' dir='ltr'>quihus</span> <span class='ocrx_word' id='word_1_37' title='bbox 241 902 469 957; x_wconf 82' lang='lat' dir='ltr'>emendetionibus</span> <span class='ocrx_word' id='word_1_38' title='bbox 480 904 546 956; x_wconf 87' lang='lat' dir='ltr'>nihil</span> <span class='ocrx_word' id='word_1_39' title='bbox 559 924 626 976; x_wconf 86' lang='lat' dir='ltr'>opus</span> <span class='ocrx_word' id='word_1_40' title='bbox 637 923 693 958; x_wconf 84' lang='lat' dir='ltr'>esse</span> <span class='ocrx_word' id='word_1_41' title='bbox 705 917 776 958; x_wconf 83' lang='lat' dir='ltr'>reete</span> <span class='ocrx_word' id='word_1_42' title='bbox 786 904 853 959; x_wconf 83' lang='lat' dir='ltr'>vidit</span> <span class='ocrx_word' id='word_1_43' title='bbox 861 903 1000 959; x_wconf 81' lang='lat' dir='ltr'>Bedeniur.</span> 
     </span>
    </p>

    <p class='ocr_par' dir='ltr' id='par_1_4' title="bbox 128 983 1193 1290">
     <span class='ocr_line' id='line_1_6' title="bbox 177 983 1193 1055; baseline 0.008 -19"><span class='ocrx_word' id='word_1_44' title='bbox 177 989 238 1053; x_wconf 67' lang='lat'>147.</span> <span class='ocrx_word' id='word_1_45' title='bbox 249 983 345 1037; x_wconf 78' lang='lat' dir='ltr'>Nerius</span> <span class='ocrx_word' id='word_1_46' title='bbox 358 983 433 1053; x_wconf 76' lang='lat' dir='ltr'>lapse.</span> <span class='ocrx_word' id='word_1_47' title='bbox 450 984 526 1036; x_wconf 81' lang='lat' dir='ltr'>Hono</span> <span class='ocrx_word' id='word_1_48' title='bbox 536 1001 644 1055; x_wconf 79' lang='lat' dir='ltr'>qnoque</span> <span class='ocrx_word' id='word_1_49' title='bbox 654 983 793 1037; x_wconf 89' lang='lat' dir='ltr'>lectionem</span> <span class='ocrx_word' id='word_1_50' title='bbox 804 985 902 1038; x_wconf 81' lang='lat' dir='ltr'>muttri</span> <span class='ocrx_word' id='word_1_51' title='bbox 913 986 1022 1055; x_wconf 72' lang='lat' dir='ltr'>jubebit</span> <span class='ocrx_word' id='word_1_52' title='bbox 1035 987 1094 1040; x_wconf 85' lang='lat' dir='ltr'>Nic.</span> <span class='ocrx_word' id='word_1_53' title='bbox 1109 989 1193 1044; x_wconf 82' lang='lat' dir='ltr'>Hein-</span> 
     </span>
     <span class='ocr_line' id='line_1_7' title="bbox 128 1061 1191 1136; baseline 0.004 -22"><span class='ocrx_word' id='word_1_54' title='bbox 128 1064 199 1128; x_wconf 77' lang='lat' dir='ltr'>sius,</span> <span class='ocrx_word' id='word_1_55' title='bbox 209 1063 271 1133; x_wconf 80' lang='lat' dir='ltr'>qnia</span> <span class='ocrx_word' id='word_1_56' title='bbox 282 1075 340 1133; x_wconf 81' lang='lat' dir='ltr'>post</span> <span class='ocrx_word' id='word_1_57' title='bbox 348 1062 449 1133; x_wconf 80' lang='lat' dir='ltr'>lapsum</span> <span class='ocrx_word' id='word_1_58' title='bbox 459 1061 561 1133; x_wconf 83' lang='lat' dir='ltr'>OEdipi</span> <span class='ocrx_word' id='word_1_59' title='bbox 570 1081 628 1118; x_wconf 84' lang='lat' dir='ltr'>sero</span> <span class='ocrx_word' id='word_1_60' title='bbox 638 1062 881 1117; x_wconf 85' lang='lat' dir='ltr'>intereluderentur</span> <span class='ocrx_word' id='word_1_61' title='bbox 890 1063 947 1116; x_wconf 85' lang='lat' dir='ltr'>vite.</span> <span class='ocrx_word' id='word_1_62' title='bbox 959 1063 1011 1118; x_wconf 89' lang='lat' dir='ltr'>Sed</span> <span class='ocrx_word' id='word_1_63' title='bbox 1021 1068 1088 1136; x_wconf 73' lang='lat' dir='ltr'>lepre</span> <span class='ocrx_word' id='word_1_64' title='bbox 1098 1067 1191 1123; x_wconf 77' lang='lat' dir='ltr'>eodem</span> 
     </span>
     <span class='ocr_line' id='line_1_8' title="bbox 128 1140 1190 1214; baseline 0.007 -19"><span class='ocrx_word' id='word_1_65' title='bbox 128 1159 210 1195; x_wconf 79' lang='lat' dir='ltr'>sensu</span> <span class='ocrx_word' id='word_1_66' title='bbox 220 1140 404 1213; x_wconf 83' lang='lat' dir='ltr'>accipiendum</span> <span class='ocrx_word' id='word_1_67' title='bbox 418 1154 471 1206; x_wconf 83' lang='lat' dir='ltr'>est,</span> <span class='ocrx_word' id='word_1_68' title='bbox 484 1160 538 1212; x_wconf 82' lang='lat' dir='ltr'>quo</span> <span class='ocrx_word' id='word_1_69' title='bbox 551 1160 646 1214; x_wconf 77' lang='lat' dir='ltr'>rupen,</span> <span class='ocrx_word' id='word_1_70' title='bbox 657 1161 684 1196; x_wconf 82' lang='lat' dir='ltr'>v.</span> <span class='ocrx_word' id='word_1_71' title='bbox 700 1161 737 1212; x_wconf 80' lang='lat'>7²</span> <span class='ocrx_word' id='word_1_72' title='bbox 745 1181 753 1208; x_wconf 90' lang='lat'><em>,</em></span> <span class='ocrx_word' id='word_1_73' title='bbox 771 1143 833 1214; x_wconf 77' lang='lat' dir='ltr'>lapsi</span> <span class='ocrx_word' id='word_1_74' title='bbox 844 1146 944 1210; x_wconf 78' lang='lat' dir='ltr'>montis,</span> <span class='ocrx_word' id='word_1_75' title='bbox 960 1155 988 1196; x_wconf 87' lang='lat' dir='ltr'>et</span> <span class='ocrx_word' id='word_1_76' title='bbox 999 1143 1028 1198; x_wconf 83' lang='lat' dir='ltr'>iu</span> <span class='ocrx_word' id='word_1_77' title='bbox 1038 1144 1118 1200; x_wconf 82' lang='lat' dir='ltr'>llere.</span> <span class='ocrx_word' id='word_1_78' title='bbox 1128 1148 1190 1202; x_wconf 81' lang='lat' dir='ltr'>Fur.</span> 
     </span>
     <span class='ocr_line' id='line_1_9' title="bbox 129 1219 579 1290; baseline 0.004 -20"><span class='ocrx_word' id='word_1_79' title='bbox 129 1240 158 1274; x_wconf 85' lang='lat' dir='ltr'>v.</span> <span class='ocrx_word' id='word_1_80' title='bbox 175 1221 261 1286; x_wconf 77' lang='lat'>1250,</span> <span class='ocrx_word' id='word_1_81' title='bbox 272 1223 346 1290; x_wconf 70' lang='lat' dir='ltr'>lapsa</span> <span class='ocrx_word' id='word_1_82' title='bbox 357 1219 579 1290; x_wconf 78' lang='lat' dir='ltr'>domuefirmamen.</span> 
     </span>
    </p>

    <p class='ocr_par' dir='ltr' id='par_1_5' title="bbox 122 1299 1193 1688">
     <span class='ocr_line' id='line_1_10' title="bbox 176 1299 1191 1373; baseline 0.008 -21"><span class='ocrx_word' id='word_1_83' title='bbox 176 1307 239 1370; x_wconf 68' lang='lat'>¹49·</span> <span class='ocrx_word' id='word_1_84' title='bbox 254 1299 347 1352; x_wconf 82' lang='lat' dir='ltr'>Ferunt</span> <span class='ocrx_word' id='word_1_85' title='bbox 358 1301 437 1354; x_wconf 83' lang='lat' dir='ltr'>letum.</span> <span class='ocrx_word' id='word_1_86' title='bbox 453 1301 511 1354; x_wconf 83' lang='lat' dir='ltr'>Nic.</span> <span class='ocrx_word' id='word_1_87' title='bbox 523 1301 615 1354; x_wconf 80' lang='lat' dir='ltr'>Heius.</span> <span class='ocrx_word' id='word_1_88' title='bbox 629 1299 663 1354; x_wconf 80' lang='lat' dir='ltr'>ud</span> <span class='ocrx_word' id='word_1_89' title='bbox 674 1301 754 1356; x_wconf 82' lang='lat' dir='ltr'>Orid.</span> <span class='ocrx_word' id='word_1_90' title='bbox 773 1304 848 1356; x_wconf 73' lang='lat' dir='ltr'>Rem.</span> <span class='ocrx_word' id='word_1_91' title='bbox 864 1321 915 1356; x_wconf 84' lang='lat' dir='ltr'>ent.</span> <span class='ocrx_word' id='word_1_92' title='bbox 934 1321 961 1356; x_wconf 78' lang='lat' dir='ltr'>v.</span> <span class='ocrx_word' id='word_1_93' title='bbox 983 1322 1027 1373; x_wconf 83' lang='grc'>17,</span> <span class='ocrx_word' id='word_1_94' title='bbox 1044 1305 1124 1359; x_wconf 82' lang='lat' dir='ltr'>scribi</span> <span class='ocrx_word' id='word_1_95' title='bbox 1134 1308 1191 1362; x_wconf 77' lang='lat' dir='ltr'>vult</span> 
     </span>
     <span class='ocr_line' id='line_1_11' title="bbox 122 1377 1191 1452; baseline 0.009 -22"><span class='ocrx_word' id='word_1_96' title='bbox 122 1381 213 1445; x_wconf 74' lang='lat' dir='ltr'>serem</span> <span class='ocrx_word' id='word_1_97' title='bbox 231 1380 317 1444; x_wconf 79' lang='lat' dir='ltr'>letum,</span> <span class='ocrx_word' id='word_1_98' title='bbox 336 1377 407 1450; x_wconf 90' lang='lat' dir='ltr'>quod</span> <span class='ocrx_word' id='word_1_99' title='bbox 428 1397 483 1432; x_wconf 93' lang='lat' dir='ltr'>non</span> <span class='ocrx_word' id='word_1_100' title='bbox 498 1397 603 1433; x_wconf 83' lang='lat' dir='ltr'>necesse</span> <span class='ocrx_word' id='word_1_101' title='bbox 619 1382 681 1450; x_wconf 83' lang='lat' dir='ltr'>jure</span> <span class='ocrx_word' id='word_1_102' title='bbox 699 1382 882 1452; x_wconf 76' lang='lat' dir='ltr'>pronuntiavit</span> <span class='ocrx_word' id='word_1_103' title='bbox 902 1381 1042 1435; x_wconf 80' lang='lat' dir='ltr'>Bodenins.</span> <span class='ocrx_word' id='word_1_104' title='bbox 1063 1386 1191 1450; x_wconf 68' lang='lat' dir='ltr'>rhetitii,</span> 
     </span>
     <span class='ocr_line' id='line_1_12' title="bbox 128 1458 1187 1535; baseline 0.003 -25"><span class='ocrx_word' id='word_1_105' title='bbox 128 1459 235 1528; x_wconf 84' lang='lat' dir='ltr'>inquit,</span> <span class='ocrx_word' id='word_1_106' title='bbox 254 1459 325 1512; x_wconf 82' lang='lat' dir='ltr'>sieut</span> <span class='ocrx_word' id='word_1_107' title='bbox 344 1458 446 1524; x_wconf 79' lang='lat' dir='ltr'>Graeoi,</span> <span class='ocrx_word' id='word_1_108' title='bbox 463 1461 556 1512; x_wconf 87' lang='lat' dir='ltr'>crebro</span> <span class='ocrx_word' id='word_1_109' title='bbox 579 1458 751 1514; x_wconf 78' lang='lat' dir='ltr'>indicativum</span> <span class='ocrx_word' id='word_1_110' title='bbox 769 1479 819 1530; x_wconf 92' lang='lat' dir='ltr'>pro</span> <span class='ocrx_word' id='word_1_111' title='bbox 840 1461 1008 1533; x_wconf 73' lang='lat' dir='ltr'>subjunctivo</span> <span class='ocrx_word' id='word_1_112' title='bbox 1026 1478 1161 1535; x_wconf 81' lang='lat' dir='ltr'>usurpent.</span> <span class='ocrx_word' id='word_1_113' title='bbox 1175 1492 1187 1513; x_wconf 82' lang='lat'>.</span> 
     </span>
     <span class='ocr_line' id='line_1_13' title="bbox 128 1536 1193 1612; baseline 0.008 -22"><span class='ocrx_word' id='word_1_114' title='bbox 128 1536 213 1591; x_wconf 80' lang='lat' dir='ltr'>Adde</span> <span class='ocrx_word' id='word_1_115' title='bbox 228 1536 301 1608; x_wconf 88' lang='lat' dir='ltr'>quod</span> <span class='ocrx_word' id='word_1_116' title='bbox 309 1540 396 1605; x_wconf 79' lang='lat' dir='ltr'>serunt</span> <span class='ocrx_word' id='word_1_117' title='bbox 410 1536 483 1609; x_wconf 78' lang='lat' dir='ltr'>opud</span> <span class='ocrx_word' id='word_1_118' title='bbox 501 1539 629 1592; x_wconf 86' lang='lat' dir='ltr'>Nostrum</span> <span class='ocrx_word' id='word_1_119' title='bbox 646 1539 803 1610; x_wconf 68' lang='lat' dir='ltr'>generaliter</span> <span class='ocrx_word' id='word_1_120' title='bbox 819 1554 973 1612; x_wconf 78' lang='lat' dir='ltr'>usurpetur,</span> <span class='ocrx_word' id='word_1_121' title='bbox 988 1553 1016 1594; x_wconf 89' lang='lat' dir='ltr'>et</span> <span class='ocrx_word' id='word_1_122' title='bbox 1029 1541 1100 1595; x_wconf 87' lang='lat' dir='ltr'>idem</span> <span class='ocrx_word' id='word_1_123' title='bbox 1115 1557 1193 1599; x_wconf 85' lang='lat' dir='ltr'>sonet</span> 
     </span>
     <span class='ocr_line' id='line_1_14' title="bbox 128 1618 383 1688; baseline 0.004 -20"><span class='ocrx_word' id='word_1_124' title='bbox 128 1630 210 1688; x_wconf 78' lang='lat' dir='ltr'>utque</span> <span class='ocrx_word' id='word_1_125' title='bbox 218 1619 286 1683; x_wconf 83' lang='lat' dir='ltr'>serre</span> <span class='ocrx_word' id='word_1_126' title='bbox 298 1618 383 1669; x_wconf 80' lang='lat' dir='ltr'>solent.</span> 
     </span>
    </p>

    <p class='ocr_par' dir='ltr' id='par_1_6' title="bbox 175 1695 1192 1769">
     <span class='ocr_line' id='line_1_15' title="bbox 175 1695 1192 1769; baseline 0.009 -21"><span class='ocrx_word' id='word_1_127' title='bbox 175 1699 234 1749; x_wconf 79' lang='grc'><strong>150.</strong></span> <span class='ocrx_word' id='word_1_128' title='bbox 249 1695 371 1766; x_wconf 77' lang='lat' dir='ltr'>Proficiet.</span> <span class='ocrx_word' id='word_1_129' title='bbox 387 1696 432 1750; x_wconf 88' lang='lat' dir='ltr'>Sie</span> <span class='ocrx_word' id='word_1_130' title='bbox 442 1715 547 1761; x_wconf 80' lang='lat' dir='ltr'>omnes,</span> <span class='ocrx_word' id='word_1_131' title='bbox 562 1715 618 1750; x_wconf 91' lang='lat' dir='ltr'>uno</span> <span class='ocrx_word' id='word_1_132' title='bbox 631 1711 756 1769; x_wconf 81' lang='lat' dir='ltr'>excepto,</span> <span class='ocrx_word' id='word_1_133' title='bbox 769 1699 864 1753; x_wconf 80' lang='lat' dir='ltr'>Periss.</span> <span class='ocrx_word' id='word_1_134' title='bbox 880 1699 957 1753; x_wconf 77' lang='lat' dir='ltr'>MSS.</span> <span class='ocrx_word' id='word_1_135' title='bbox 971 1712 999 1752; x_wconf 90' lang='lat' dir='ltr'>et</span> <span class='ocrx_word' id='word_1_136' title='bbox 1011 1718 1116 1765; x_wconf 85' lang='lat' dir='ltr'>omnes,</span> <span class='ocrx_word' id='word_1_137' title='bbox 1131 1715 1192 1758; x_wconf 77' lang='lat' dir='ltr'>ente</span> 
     </span>
    </p>
   </div>
   <div class='ocr_carea' id='block_1_3' title="bbox 128 1775 1302 1850">
    <p class='ocr_par' dir='ltr' id='par_1_7' title="bbox 128 1775 1302 1850">
     <span class='ocr_line' id='line_1_16' title="bbox 128 1775 1302 1850; baseline 0.005 -19"><span class='ocrx_word' id='word_1_138' title='bbox 128 1775 314 1838; x_wconf 79' lang='lat' dir='ltr'>Gronovium‚</span> <span class='ocrx_word' id='word_1_139' title='bbox 324 1775 461 1830; x_wconf 86' lang='lat' dir='ltr'>editiones.</span> <span class='ocrx_word' id='word_1_140' title='bbox 471 1775 575 1830; x_wconf 80' lang='lat' dir='ltr'>Primus</span> <span class='ocrx_word' id='word_1_141' title='bbox 584 1777 629 1828; x_wconf 91' lang='lat' dir='ltr'>ille</span> <span class='ocrx_word' id='word_1_142' title='bbox 637 1776 729 1831; x_wconf 88' lang='lat' dir='ltr'>intulit</span> <span class='ocrx_word' id='word_1_143' title='bbox 733 1777 853 1849; x_wconf 63' lang='lat' dir='ltr'>proiciet,</span> <span class='ocrx_word' id='word_1_144' title='bbox 862 1777 935 1850; x_wconf 85' lang='lat' dir='ltr'>quod</span> <span class='ocrx_word' id='word_1_145' title='bbox 944 1779 1041 1850; x_wconf 84' lang='lat' dir='ltr'>probat</span> <span class='ocrx_word' id='word_1_146' title='bbox 1049 1779 1195 1850; x_wconf 81' lang='lat' dir='ltr'>Budenius‚</span> <span class='ocrx_word' id='word_1_147' title='bbox 1299 1780 1302 1788; x_wconf 86' lang='grc'><strong>’</strong></span> 
     </span>
    </p>
   </div>
   <div class='ocr_carea' id='block_1_4' title="bbox 92 1855 1195 4150">
    <p class='ocr_par' dir='ltr' id='par_1_8' title="bbox 125 1855 1194 2323">
     <span class='ocr_line' id='line_1_17' title="bbox 127 1855 1194 1927; baseline 0.007 -19"><span class='ocrx_word' id='word_1_148' title='bbox 127 1867 236 1908; x_wconf 78' lang='lat' dir='ltr'>amovet</span> <span class='ocrx_word' id='word_1_149' title='bbox 246 1855 370 1909; x_wconf 82' lang='lat' dir='ltr'>llothette.</span> <span class='ocrx_word' id='word_1_150' title='bbox 387 1855 500 1908; x_wconf 83' lang='lat' dir='ltr'>Restititi</span> <span class='ocrx_word' id='word_1_151' title='bbox 513 1874 575 1909; x_wconf 84' lang='lat' dir='ltr'>oum</span> <span class='ocrx_word' id='word_1_152' title='bbox 585 1856 687 1908; x_wconf 79' lang='lat' dir='ltr'>Botheo</span> <span class='ocrx_word' id='word_1_153' title='bbox 701 1858 834 1927; x_wconf 76' lang='lat' dir='ltr'>vulgatam</span> <span class='ocrx_word' id='word_1_154' title='bbox 844 1858 999 1922; x_wconf 78' lang='lat' dir='ltr'>lectionem,</span> <span class='ocrx_word' id='word_1_155' title='bbox 1010 1859 1194 1916; x_wconf 82' lang='lat' dir='ltr'>universorum</span> 
     </span>
     <span class='ocr_line' id='line_1_18' title="bbox 127 1933 1194 2006; baseline 0.008 -20"><span class='ocrx_word' id='word_1_156' title='bbox 127 1951 215 2005; x_wconf 81' lang='lat' dir='ltr'>prope</span> <span class='ocrx_word' id='word_1_157' title='bbox 221 1933 346 1988; x_wconf 76' lang='lat' dir='ltr'>codicum</span> <span class='ocrx_word' id='word_1_158' title='bbox 356 1947 382 1987; x_wconf 92' lang='lat' dir='ltr'>et</span> <span class='ocrx_word' id='word_1_159' title='bbox 390 1935 471 2006; x_wconf 84' lang='lat' dir='ltr'>ipsius</span> <span class='ocrx_word' id='word_1_160' title='bbox 479 1935 638 1998; x_wconf 86' lang='lat' dir='ltr'>Florentini,</span> <span class='ocrx_word' id='word_1_161' title='bbox 647 1947 677 1987; x_wconf 91' lang='lat' dir='ltr'>ut</span> <span class='ocrx_word' id='word_1_162' title='bbox 685 1947 793 1990; x_wconf 77' lang='lat' dir='ltr'>testetur</span> <span class='ocrx_word' id='word_1_163' title='bbox 800 1938 858 1990; x_wconf 77' lang='lat' dir='ltr'>lae.</span> <span class='ocrx_word' id='word_1_164' title='bbox 868 1937 1033 1999; x_wconf 83' lang='lat' dir='ltr'>Gronovius,</span> <span class='ocrx_word' id='word_1_165' title='bbox 1040 1941 1194 1994; x_wconf 78' lang='lat' dir='ltr'>auetoritete</span> 
     </span>
     <span class='ocr_line' id='line_1_19' title="bbox 125 2013 1192 2088; baseline 0.008 -22"><span class='ocrx_word' id='word_1_166' title='bbox 125 2013 276 2078; x_wconf 68' lang='lat' dir='ltr'>firmatum</span> <span class='ocrx_word' id='word_1_167' title='bbox 291 2032 343 2084; x_wconf 82' lang='lat' dir='ltr'>qen</span> <span class='ocrx_word' id='word_1_168' title='bbox 360 2014 427 2066; x_wconf 82' lang='lat' dir='ltr'>nibil</span> <span class='ocrx_word' id='word_1_169' title='bbox 440 2014 550 2078; x_wconf 74' lang='lat' dir='ltr'>elarius,</span> <span class='ocrx_word' id='word_1_170' title='bbox 563 2015 630 2066; x_wconf 86' lang='lat' dir='ltr'>nihil</span> <span class='ocrx_word' id='word_1_171' title='bbox 642 2014 751 2088; x_wconf 76' lang='lat' dir='ltr'>latinius</span> <span class='ocrx_word' id='word_1_172' title='bbox 767 2017 893 2070; x_wconf 82' lang='lat' dir='ltr'>invenies.</span> <span class='ocrx_word' id='word_1_173' title='bbox 910 2017 966 2070; x_wconf 86' lang='lat' dir='ltr'>Cio.</span> <span class='ocrx_word' id='word_1_174' title='bbox 982 2015 1017 2069; x_wconf 89' lang='lat' dir='ltr'>de</span> <span class='ocrx_word' id='word_1_175' title='bbox 1036 2017 1100 2086; x_wconf 83' lang='lat' dir='ltr'>cler.</span> <span class='ocrx_word' id='word_1_176' title='bbox 1121 2025 1192 2074; x_wconf 75' lang='lat' dir='ltr'>orat.</span> 
     </span>
     <span class='ocr_line' id='line_1_20' title="bbox 127 2092 1194 2168; baseline 0.004 -22"><span class='ocrx_word' id='word_1_177' title='bbox 127 2112 155 2146; x_wconf 90' lang='lat' dir='ltr'>c.</span> <span class='ocrx_word' id='word_1_178' title='bbox 176 2098 230 2156; x_wconf 72' lang='lat'>24:</span> <span class='ocrx_word' id='word_1_179' title='bbox 252 2118 264 2140; x_wconf 76' lang='grc' dir='ltr'>ι</span> <span class='ocrx_word' id='word_1_180' title='bbox 279 2092 358 2145; x_wconf 78' lang='lat' dir='ltr'>Nulla</span> <span class='ocrx_word' id='word_1_181' title='bbox 375 2105 537 2146; x_wconf 71' lang='lat' dir='ltr'>restitutum</span> <span class='ocrx_word' id='word_1_182' title='bbox 556 2092 590 2146; x_wconf 87' lang='lat' dir='ltr'>ed</span> <span class='ocrx_word' id='word_1_183' title='bbox 610 2092 889 2165; x_wconf 81' lang='lat' dir='ltr'>dicendumprofieit,</span> <span class='ocrx_word' id='word_1_184' title='bbox 908 2107 1036 2166; x_wconf 73' lang='lat' dir='ltr'>quantum</span> <span class='ocrx_word' id='word_1_185' title='bbox 1053 2097 1194 2168; x_wconf 77' lang='lat' dir='ltr'>scriptio.»</span> 
     </span>
     <span class='ocr_line' id='line_1_21' title="bbox 127 2170 1194 2246; baseline 0.006 -22"><span class='ocrx_word' id='word_1_186' title='bbox 127 2170 212 2224; x_wconf 88' lang='lat' dir='ltr'>Ovid.</span> <span class='ocrx_word' id='word_1_187' title='bbox 226 2191 259 2226; x_wconf 83' lang='lat' dir='ltr'>ex</span> <span class='ocrx_word' id='word_1_188' title='bbox 270 2172 371 2237; x_wconf 81' lang='lat' dir='ltr'>Ponto,</span> <span class='ocrx_word' id='word_1_189' title='bbox 382 2172 440 2236; x_wconf 88' lang='lat'>111,</span> <span class='ocrx_word' id='word_1_190' title='bbox 450 2186 492 2243; x_wconf 84' lang='lat' dir='ltr'>ep.</span> <span class='ocrx_word' id='word_1_191' title='bbox 507 2189 532 2237; x_wconf 87' lang='lat' dir='ltr'>t,</span> <span class='ocrx_word' id='word_1_192' title='bbox 545 2191 572 2226; x_wconf 78' lang='lat' dir='ltr'>v.</span> <span class='ocrx_word' id='word_1_193' title='bbox 585 2173 639 2226; x_wconf 81' lang='grc'>138</span> <span class='ocrx_word' id='word_1_194' title='bbox 653 2193 659 2222; x_wconf 92' lang='lat'>:</span> <span class='ocrx_word' id='word_1_195' title='bbox 676 2173 854 2228; x_wconf 74' lang='lat' dir='ltr'>«Proiectum</span> <span class='ocrx_word' id='word_1_196' title='bbox 866 2173 970 2246; x_wconf 76' lang='lat' dir='ltr'>aliquid</span> <span class='ocrx_word' id='word_1_197' title='bbox 982 2186 1040 2227; x_wconf 87' lang='lat' dir='ltr'>tutu</span> <span class='ocrx_word' id='word_1_198' title='bbox 1058 2188 1103 2228; x_wconf 88' lang='lat' dir='ltr'>tue</span> <span class='ocrx_word' id='word_1_199' title='bbox 1114 2179 1194 2232; x_wconf 79' lang='lat' dir='ltr'>verbo</span> 
     </span>
     <span class='ocr_line' id='line_1_22' title="bbox 125 2265 228 2323; baseline 0 -19"><span class='ocrx_word' id='word_1_200' title='bbox 125 2265 203 2323; x_wconf 75' lang='lat' dir='ltr'>puta.</span> <span class='ocrx_word' id='word_1_201' title='bbox 216 2276 228 2298; x_wconf 77' lang='grc' dir='ltr'><strong><em>ι</em></strong></span> 
     </span>
    </p>

    <p class='ocr_par' dir='ltr' id='par_1_9' title="bbox 125 2329 1195 2556">
     <span class='ocr_line' id='line_1_23' title="bbox 175 2329 1193 2400; baseline 0.006 -16"><span class='ocrx_word' id='word_1_202' title='bbox 175 2331 239 2400; x_wconf 83' lang='grc'><strong>157.</strong></span> <span class='ocrx_word' id='word_1_203' title='bbox 262 2332 320 2386; x_wconf 86' lang='lat' dir='ltr'>Non</span> <span class='ocrx_word' id='word_1_204' title='bbox 333 2331 433 2384; x_wconf 79' lang='lat' dir='ltr'>destino.</span> <span class='ocrx_word' id='word_1_205' title='bbox 452 2329 601 2385; x_wconf 77' lang='lat' dir='ltr'>Videbatur</span> <span class='ocrx_word' id='word_1_206' title='bbox 618 2331 677 2385; x_wconf 85' lang='lat' dir='ltr'>Nic.</span> <span class='ocrx_word' id='word_1_207' title='bbox 696 2333 806 2387; x_wconf 76' lang='lat' dir='ltr'>Heinsio</span> <span class='ocrx_word' id='word_1_208' title='bbox 823 2333 992 2388; x_wconf 80' lang='lat' dir='ltr'>scribendum</span> <span class='ocrx_word' id='word_1_209' title='bbox 1003 2372 1012 2398; x_wconf 82' lang='grc'><em>,</em></span> <span class='ocrx_word' id='word_1_210' title='bbox 1024 2353 1071 2387; x_wconf 84' lang='lat' dir='ltr'>non</span> <span class='ocrx_word' id='word_1_211' title='bbox 1084 2335 1193 2400; x_wconf 78' lang='lat' dir='ltr'>destina,-</span> 
     </span>
     <span class='ocr_line' id='line_1_24' title="bbox 126 2409 1195 2482; baseline 0.007 -20"><span class='ocrx_word' id='word_1_212' title='bbox 126 2410 277 2482; x_wconf 83' lang='lat' dir='ltr'>quorsum?</span> <span class='ocrx_word' id='word_1_213' title='bbox 294 2409 368 2464; x_wconf 89' lang='lat' dir='ltr'>ldetn</span> <span class='ocrx_word' id='word_1_214' title='bbox 388 2410 514 2475; x_wconf 76' lang='lat' dir='ltr'>inierint,</span> <span class='ocrx_word' id='word_1_215' title='bbox 530 2429 580 2480; x_wconf 87' lang='lat' dir='ltr'>pro</span> <span class='ocrx_word' id='word_1_216' title='bbox 593 2430 695 2480; x_wconf 65' lang='lat' dir='ltr'>eomes,</span> <span class='ocrx_word' id='word_1_217' title='bbox 710 2411 814 2482; x_wconf 76' lang='lat' dir='ltr'>legebat</span> <span class='ocrx_word' id='word_1_218' title='bbox 830 2426 916 2464; x_wconf 77' lang='lat' dir='ltr'>metas.</span> <span class='ocrx_word' id='word_1_219' title='bbox 936 2414 990 2466; x_wconf 74' lang='lat' dir='ltr'>vin</span> <span class='ocrx_word' id='word_1_220' title='bbox 1004 2414 1069 2467; x_wconf 78' lang='lat' dir='ltr'>tenti</span> <span class='ocrx_word' id='word_1_221' title='bbox 1088 2427 1127 2468; x_wconf 86' lang='lat' dir='ltr'>est</span> <span class='ocrx_word' id='word_1_222' title='bbox 1140 2431 1195 2469; x_wconf 85' lang='lat' dir='ltr'>tem</span> 
     </span>
     <span class='ocr_line' id='line_1_25' title="bbox 125 2486 1122 2556; baseline 0.005 -14"><span class='ocrx_word' id='word_1_223' title='bbox 125 2508 209 2542; x_wconf 81' lang='lat' dir='ltr'>vanus</span> <span class='ocrx_word' id='word_1_224' title='bbox 217 2487 430 2554; x_wconf 77' lang='lat' dir='ltr'>emendationes,</span> <span class='ocrx_word' id='word_1_225' title='bbox 444 2509 498 2542; x_wconf 90' lang='lat' dir='ltr'>non</span> <span class='ocrx_word' id='word_1_226' title='bbox 513 2486 574 2542; x_wconf 86' lang='lat' dir='ltr'>dico</span> <span class='ocrx_word' id='word_1_227' title='bbox 586 2501 689 2542; x_wconf 79' lang='lat' dir='ltr'>tentum</span> <span class='ocrx_word' id='word_1_228' title='bbox 699 2492 853 2556; x_wconf 72' lang='lat' dir='ltr'>confutate,</span> <span class='ocrx_word' id='word_1_229' title='bbox 867 2490 913 2544; x_wconf 83' lang='lat' dir='ltr'>sed</span> <span class='ocrx_word' id='word_1_230' title='bbox 925 2494 1004 2546; x_wconf 83' lang='lat' dir='ltr'>etiem</span> <span class='ocrx_word' id='word_1_231' title='bbox 1014 2494 1122 2548; x_wconf 86' lang='lat' dir='ltr'>relerte.</span> 
     </span>
    </p>

    <p class='ocr_par' dir='ltr' id='par_1_10' title="bbox 123 2568 1195 2956">
     <span class='ocr_line' id='line_1_26' title="bbox 174 2568 1195 2644; baseline 0.007 -24"><span class='ocrx_word' id='word_1_232' title='bbox 174 2574 238 2631; x_wconf 70' lang='lat'>164.</span> <span class='ocrx_word' id='word_1_233' title='bbox 258 2569 334 2622; x_wconf 82' lang='lat' dir='ltr'>Tabe.</span> <span class='ocrx_word' id='word_1_234' title='bbox 347 2570 416 2622; x_wconf 88' lang='lat' dir='ltr'>Ecce</span> <span class='ocrx_word' id='word_1_235' title='bbox 427 2569 524 2625; x_wconf 82' lang='lat' dir='ltr'>iterum</span> <span class='ocrx_word' id='word_1_236' title='bbox 538 2569 600 2621; x_wconf 82' lang='lat' dir='ltr'>Nic.</span> <span class='ocrx_word' id='word_1_237' title='bbox 614 2568 734 2622; x_wconf 83' lang='lat' dir='ltr'>Heinsius</span> <span class='ocrx_word' id='word_1_238' title='bbox 746 2572 821 2640; x_wconf 84' lang='lat' dir='ltr'>jubet</span> <span class='ocrx_word' id='word_1_239' title='bbox 835 2571 891 2623; x_wconf 78' lang='lat' dir='ltr'>nto</span> <span class='ocrx_word' id='word_1_240' title='bbox 907 2591 957 2641; x_wconf 90' lang='lat' dir='ltr'>pro</span> <span class='ocrx_word' id='word_1_241' title='bbox 978 2571 1031 2623; x_wconf 79' lang='lat' dir='ltr'>tede</span> <span class='ocrx_word' id='word_1_242' title='bbox 1042 2573 1106 2643; x_wconf 75' lang='lat' dir='ltr'>legi,</span> <span class='ocrx_word' id='word_1_243' title='bbox 1121 2575 1195 2644; x_wconf 80' lang='lat' dir='ltr'>qussi</span> 
     </span>
     <span class='ocr_line' id='line_1_27' title="bbox 126 2647 1192 2717; baseline 0.005 -18"><span class='ocrx_word' id='word_1_244' title='bbox 126 2647 211 2700; x_wconf 80' lang='lat' dir='ltr'>tolum</span> <span class='ocrx_word' id='word_1_245' title='bbox 231 2661 259 2702; x_wconf 84' lang='lat' dir='ltr'>et</span> <span class='ocrx_word' id='word_1_246' title='bbox 278 2649 344 2700; x_wconf 81' lang='lat' dir='ltr'>tabes</span> <span class='ocrx_word' id='word_1_247' title='bbox 362 2667 417 2700; x_wconf 92' lang='lat' dir='ltr'>non</span> <span class='ocrx_word' id='word_1_248' title='bbox 432 2647 526 2702; x_wconf 91' lang='lat' dir='ltr'>eodem</span> <span class='ocrx_word' id='word_1_249' title='bbox 548 2665 624 2701; x_wconf 85' lang='lat' dir='ltr'>sensu</span> <span class='ocrx_word' id='word_1_250' title='bbox 642 2665 824 2717; x_wconf 73' lang='lat' dir='ltr'>sepenumero</span> <span class='ocrx_word' id='word_1_251' title='bbox 842 2648 1037 2703; x_wconf 80' lang='lat' dir='ltr'>adhiberentur.</span> <span class='ocrx_word' id='word_1_252' title='bbox 1058 2652 1127 2704; x_wconf 86' lang='lat' dir='ltr'>Plin.</span> <span class='ocrx_word' id='word_1_253' title='bbox 1149 2654 1192 2712; x_wconf 84' lang='lat'>11,</span> 
     </span>
     <span class='ocr_line' id='line_1_28' title="bbox 132 2727 1193 2797; baseline 0.006 -17"><span class='ocrx_word' id='word_1_254' title='bbox 132 2745 183 2780; x_wconf 82' lang='lat' dir='ltr'>tot</span> <span class='ocrx_word' id='word_1_255' title='bbox 196 2745 202 2778; x_wconf 94' lang='lat'><strong>:</strong></span> <span class='ocrx_word' id='word_1_256' title='bbox 219 2754 232 2775; x_wconf 68' lang='grc' dir='ltr'>ι</span> <span class='ocrx_word' id='word_1_257' title='bbox 245 2727 320 2780; x_wconf 80' lang='lat' dir='ltr'>Luna</span> <span class='ocrx_word' id='word_1_258' title='bbox 329 2727 446 2780; x_wconf 72' lang='lat' dir='ltr'>letarum</span> <span class='ocrx_word' id='word_1_259' title='bbox 455 2727 542 2779; x_wconf 83' lang='lat' dir='ltr'>oooisa</span> <span class='ocrx_word' id='word_1_260' title='bbox 550 2745 662 2797; x_wconf 79' lang='lat' dir='ltr'>corpore</span> <span class='ocrx_word' id='word_1_261' title='bbox 673 2727 701 2778; x_wconf 89' lang='lat' dir='ltr'>in</span> <span class='ocrx_word' id='word_1_262' title='bbox 711 2727 798 2779; x_wconf 79' lang='lat' dir='ltr'>tabem</span> <span class='ocrx_word' id='word_1_263' title='bbox 809 2728 869 2780; x_wconf 83' lang='lat' dir='ltr'>visu</span> <span class='ocrx_word' id='word_1_264' title='bbox 878 2746 926 2781; x_wconf 85' lang='lat' dir='ltr'>suo</span> <span class='ocrx_word' id='word_1_265' title='bbox 937 2729 1054 2782; x_wconf 83' lang='lat' dir='ltr'>resolvit.</span> <span class='ocrx_word' id='word_1_266' title='bbox 1068 2755 1079 2776; x_wconf 76' lang='grc' dir='ltr'>ι</span> <span class='ocrx_word' id='word_1_267' title='bbox 1093 2730 1193 2786; x_wconf 84' lang='lat' dir='ltr'>Luonu.</span> 
     </span>
     <span class='ocr_line' id='line_1_29' title="bbox 127 2803 1195 2876; baseline 0.007 -20"><span class='ocrx_word' id='word_1_268' title='bbox 127 2808 201 2867; x_wconf 81' lang='lat' dir='ltr'>vll,</span> <span class='ocrx_word' id='word_1_269' title='bbox 223 2825 277 2876; x_wconf 74' lang='lat'>79¹</span> <span class='ocrx_word' id='word_1_270' title='bbox 292 2825 299 2858; x_wconf 92' lang='lat'>:</span> <span class='ocrx_word' id='word_1_271' title='bbox 320 2828 331 2850; x_wconf 77' lang='grc' dir='ltr'>ι</span> <span class='ocrx_word' id='word_1_272' title='bbox 348 2803 468 2876; x_wconf 75' lang='lat' dir='ltr'>sidentes</span> <span class='ocrx_word' id='word_1_273' title='bbox 488 2805 517 2856; x_wconf 90' lang='lat' dir='ltr'>iu</span> <span class='ocrx_word' id='word_1_274' title='bbox 541 2804 629 2856; x_wconf 69' lang='lat' dir='ltr'>tabent</span> <span class='ocrx_word' id='word_1_275' title='bbox 655 2817 756 2875; x_wconf 81' lang='lat' dir='ltr'>speettt</span> <span class='ocrx_word' id='word_1_276' title='bbox 779 2822 904 2872; x_wconf 77' lang='lat' dir='ltr'>acervos,</span> <span class='ocrx_word' id='word_1_277' title='bbox 915 2827 929 2854; x_wconf 82' lang='grc'><strong>1</strong></span> <span class='ocrx_word' id='word_1_278' title='bbox 949 2819 975 2858; x_wconf 90' lang='lat' dir='ltr'>et</span> <span class='ocrx_word' id='word_1_279' title='bbox 995 2809 1050 2875; x_wconf 71' lang='lat'>⁸⁰9</span> <span class='ocrx_word' id='word_1_280' title='bbox 1068 2824 1074 2860; x_wconf 92' lang='lat'>:</span> <span class='ocrx_word' id='word_1_281' title='bbox 1096 2835 1108 2858; x_wconf 68' lang='grc' dir='ltr'>ι</span> <span class='ocrx_word' id='word_1_282' title='bbox 1123 2812 1195 2863; x_wconf 81' lang='lat' dir='ltr'>tabes</span> 
     </span>
     <span class='ocr_line' id='line_1_30' title="bbox 123 2885 369 2956; baseline -0.02 -18"><span class='ocrx_word' id='word_1_283' title='bbox 123 2904 243 2956; x_wconf 79' lang='lat' dir='ltr'>corpora</span> <span class='ocrx_word' id='word_1_284' title='bbox 255 2885 343 2938; x_wconf 83' lang='lat' dir='ltr'>solvit.</span> <span class='ocrx_word' id='word_1_285' title='bbox 356 2909 369 2932; x_wconf 78' lang='grc' dir='ltr'><strong>ι</strong></span> 
     </span>
    </p>

    <p class='ocr_par' dir='ltr' id='par_1_11' title="bbox 125 2963 1192 3109">
     <span class='ocr_line' id='line_1_31' title="bbox 173 2963 1192 3037; baseline 0.002 -19"><span class='ocrx_word' id='word_1_286' title='bbox 173 2964 238 3018; x_wconf 84' lang='grc'><strong>165.</strong></span> <span class='ocrx_word' id='word_1_287' title='bbox 252 2965 318 3016; x_wconf 83' lang='lat' dir='ltr'>Hoc.</span> <span class='ocrx_word' id='word_1_288' title='bbox 332 2964 377 3017; x_wconf 80' lang='lat' dir='ltr'>Sid</span> <span class='ocrx_word' id='word_1_289' title='bbox 391 2963 510 3034; x_wconf 87' lang='lat' dir='ltr'>plerique</span> <span class='ocrx_word' id='word_1_290' title='bbox 522 2963 665 3016; x_wconf 84' lang='lat' dir='ltr'>librorum.</span> <span class='ocrx_word' id='word_1_291' title='bbox 678 2963 749 3018; x_wconf 84' lang='lat' dir='ltr'>Phil.</span> <span class='ocrx_word' id='word_1_292' title='bbox 762 2965 868 3019; x_wconf 68' lang='lat' dir='ltr'>decenn</span> <span class='ocrx_word' id='word_1_293' title='bbox 883 2966 989 3037; x_wconf 78' lang='lat' dir='ltr'>Gryph.</span> <span class='ocrx_word' id='word_1_294' title='bbox 1004 2964 1106 3020; x_wconf 82' lang='lat' dir='ltr'>Febris.</span> <span class='ocrx_word' id='word_1_295' title='bbox 1119 2969 1192 3022; x_wconf 87' lang='lat' dir='ltr'>Deir.</span> 
     </span>
     <span class='ocr_line' id='line_1_32' title="bbox 125 3044 442 3109; baseline -0.006 -11"><span class='ocrx_word' id='word_1_296' title='bbox 125 3057 157 3098; x_wconf 83' lang='lat' dir='ltr'>et</span> <span class='ocrx_word' id='word_1_297' title='bbox 172 3045 255 3098; x_wconf 77' lang='lat' dir='ltr'>Paris.</span> <span class='ocrx_word' id='word_1_298' title='bbox 272 3046 360 3109; x_wconf 84' lang='grc'><strong>8161,</strong></span> <span class='ocrx_word' id='word_1_299' title='bbox 373 3044 442 3096; x_wconf 78' lang='lat' dir='ltr'>lenc.</span> 
     </span>
    </p>

    <p class='ocr_par' dir='ltr' id='par_1_12' title="bbox 126 3121 1192 3263">
     <span class='ocr_line' id='line_1_33' title="bbox 173 3121 1192 3194; baseline 0.005 -18"><span class='ocrx_word' id='word_1_300' title='bbox 173 3127 237 3194; x_wconf 82' lang='lat'>169.</span> <span class='ocrx_word' id='word_1_301' title='bbox 258 3124 310 3176; x_wconf 82' lang='lat' dir='ltr'>Isto</span> <span class='ocrx_word' id='word_1_302' title='bbox 330 3135 413 3176; x_wconf 85' lang='lat' dir='ltr'>morte.</span> <span class='ocrx_word' id='word_1_303' title='bbox 434 3121 498 3175; x_wconf 84' lang='lat' dir='ltr'>ilteo</span> <span class='ocrx_word' id='word_1_304' title='bbox 518 3133 558 3174; x_wconf 88' lang='lat' dir='ltr'>est</span> <span class='ocrx_word' id='word_1_305' title='bbox 576 3121 654 3176; x_wconf 78' lang='lat' dir='ltr'>lectio</span> <span class='ocrx_word' id='word_1_306' title='bbox 674 3123 796 3176; x_wconf 86' lang='lat' dir='ltr'>omnium</span> <span class='ocrx_word' id='word_1_307' title='bbox 815 3123 912 3178; x_wconf 75' lang='lat' dir='ltr'>Parios.</span> <span class='ocrx_word' id='word_1_308' title='bbox 931 3136 960 3178; x_wconf 83' lang='lat' dir='ltr'>et</span> <span class='ocrx_word' id='word_1_309' title='bbox 979 3138 1099 3179; x_wconf 76' lang='lat' dir='ltr'>veterum</span> <span class='ocrx_word' id='word_1_310' title='bbox 1118 3125 1192 3181; x_wconf 88' lang='lat' dir='ltr'>editt.</span> 
     </span>
     <span class='ocr_line' id='line_1_34' title="bbox 126 3203 349 3263; baseline -0.004 -7"><span class='ocrx_word' id='word_1_311' title='bbox 126 3203 199 3263; x_wconf 77' lang='lat' dir='ltr'>Alii,</span> <span class='ocrx_word' id='word_1_312' title='bbox 217 3206 263 3254; x_wconf 62' lang='lat' dir='ltr'>rista</span> <span class='ocrx_word' id='word_1_313' title='bbox 274 3215 349 3256; x_wconf 77' lang='lat' dir='ltr'>noete.</span> 
     </span>
    </p>

    <p class='ocr_par' dir='ltr' id='par_1_13' title="bbox 123 3283 1190 3512">
     <span class='ocr_line' id='line_1_35' title="bbox 173 3283 1190 3356; baseline 0.005 -22"><span class='ocrx_word' id='word_1_314' title='bbox 173 3288 236 3352; x_wconf 72' lang='lat'>³7⁴·</span> <span class='ocrx_word' id='word_1_315' title='bbox 255 3284 317 3334; x_wconf 76' lang='lat' dir='ltr'>Tum</span> <span class='ocrx_word' id='word_1_316' title='bbox 329 3301 414 3353; x_wconf 82' lang='lat' dir='ltr'>parvo·</span> <span class='ocrx_word' id='word_1_317' title='bbox 427 3283 534 3336; x_wconf 77' lang='lat' dir='ltr'>Arcens.</span> <span class='ocrx_word' id='word_1_318' title='bbox 548 3283 644 3336; x_wconf 77' lang='lat' dir='ltr'>Arent.</span> <span class='ocrx_word' id='word_1_319' title='bbox 657 3283 736 3336; x_wconf 77' lang='lat' dir='ltr'>Viuo.</span> <span class='ocrx_word' id='word_1_320' title='bbox 752 3283 856 3354; x_wconf 82' lang='lat' dir='ltr'>Gryph.</span> <span class='ocrx_word' id='word_1_321' title='bbox 873 3283 944 3336; x_wconf 80' lang='lat' dir='ltr'>Petr.</span> <span class='ocrx_word' id='word_1_322' title='bbox 960 3283 1063 3336; x_wconf 69' lang='lat' dir='ltr'>Falerio.</span> <span class='ocrx_word' id='word_1_323' title='bbox 1079 3285 1190 3356; x_wconf 79' lang='lat' dir='ltr'>llepltel.</span> 
     </span>
     <span class='ocr_line' id='line_1_36' title="bbox 123 3361 1190 3434; baseline 0.003 -19"><span class='ocrx_word' id='word_1_324' title='bbox 123 3363 262 3416; x_wconf 87' lang='lat' dir='ltr'>Commel.</span> <span class='ocrx_word' id='word_1_325' title='bbox 275 3375 302 3416; x_wconf 84' lang='lat' dir='ltr'>et</span> <span class='ocrx_word' id='word_1_326' title='bbox 314 3380 358 3416; x_wconf 78' lang='lat' dir='ltr'>sex</span> <span class='ocrx_word' id='word_1_327' title='bbox 371 3361 464 3417; x_wconf 81' lang='lat' dir='ltr'>Poriss.</span> <span class='ocrx_word' id='word_1_328' title='bbox 477 3380 529 3414; x_wconf 80' lang='lat' dir='ltr'>eum</span> <span class='ocrx_word' id='word_1_329' title='bbox 538 3380 630 3431; x_wconf 80' lang='lat' dir='ltr'>parvo,</span> <span class='ocrx_word' id='word_1_330' title='bbox 645 3361 716 3433; x_wconf 93' lang='lat' dir='ltr'>quod</span> <span class='ocrx_word' id='word_1_331' title='bbox 728 3361 832 3416; x_wconf 80' lang='lat' dir='ltr'>admitti</span> <span class='ocrx_word' id='word_1_332' title='bbox 840 3382 896 3416; x_wconf 90' lang='lat' dir='ltr'>non</span> <span class='ocrx_word' id='word_1_333' title='bbox 905 3363 999 3434; x_wconf 87' lang='lat' dir='ltr'>po&#39;tuit.</span> <span class='ocrx_word' id='word_1_334' title='bbox 1010 3362 1092 3417; x_wconf 83' lang='lat' dir='ltr'>Perit.</span> <span class='ocrx_word' id='word_1_335' title='bbox 1104 3364 1190 3430; x_wconf 56' lang='grc' dir='ltr'>8οὸήῇ</span> 
     </span>
     <span class='ocr_line' id='line_1_37' title="bbox 124 3439 972 3512; baseline 0 -18"><span class='ocrx_word' id='word_1_336' title='bbox 124 3439 247 3495; x_wconf 78' lang='lat' dir='ltr'>secunda</span> <span class='ocrx_word' id='word_1_337' title='bbox 260 3459 340 3494; x_wconf 77' lang='lat' dir='ltr'>manu</span> <span class='ocrx_word' id='word_1_338' title='bbox 348 3479 357 3505; x_wconf 87' lang='lat'><em>,</em></span> <span class='ocrx_word' id='word_1_339' title='bbox 372 3461 426 3494; x_wconf 82' lang='lat' dir='ltr'>narn</span> <span class='ocrx_word' id='word_1_340' title='bbox 437 3461 521 3511; x_wconf 74' lang='lat' dir='ltr'>puteo.</span> <span class='ocrx_word' id='word_1_341' title='bbox 534 3471 574 3482; x_wconf 90' lang='lat'>-</span> <span class='ocrx_word' id='word_1_342' title='bbox 586 3441 677 3495; x_wconf 80' lang='lat' dir='ltr'>Perse.</span> <span class='ocrx_word' id='word_1_343' title='bbox 686 3443 767 3495; x_wconf 78' lang='lat' dir='ltr'>Puris.</span> <span class='ocrx_word' id='word_1_344' title='bbox 782 3445 857 3497; x_wconf 78' lang='lat'>8026</span> <span class='ocrx_word' id='word_1_345' title='bbox 867 3474 876 3503; x_wconf 84' lang='lat'>,</span> <span class='ocrx_word' id='word_1_346' title='bbox 886 3461 972 3512; x_wconf 80' lang='lat' dir='ltr'>prono·</span> 
     </span>
    </p>

    <p class='ocr_par' dir='ltr' id='par_1_14' title="bbox 92 3519 1191 3991">
     <span class='ocr_line' id='line_1_38' title="bbox 173 3519 1190 3592; baseline 0.005 -20"><span class='ocrx_word' id='word_1_347' title='bbox 173 3523 236 3589; x_wconf 77' lang='grc'><strong>178.</strong></span> <span class='ocrx_word' id='word_1_348' title='bbox 257 3521 350 3572; x_wconf 76' lang='lat' dir='ltr'>Atsdt‘es</span> <span class='ocrx_word' id='word_1_349' title='bbox 364 3541 463 3584; x_wconf 80' lang='lat' dir='ltr'>oerum,</span> <span class='ocrx_word' id='word_1_350' title='bbox 482 3519 590 3589; x_wconf 60' lang='lat' dir='ltr'>oudin.</span> <span class='ocrx_word' id='word_1_351' title='bbox 608 3521 701 3586; x_wconf 80' lang='lat' dir='ltr'>Multi,</span> <span class='ocrx_word' id='word_1_352' title='bbox 718 3521 747 3573; x_wconf 92' lang='lat' dir='ltr'>in</span> <span class='ocrx_word' id='word_1_353' title='bbox 763 3523 861 3592; x_wconf 74' lang='lat' dir='ltr'>quilius</span> <span class='ocrx_word' id='word_1_354' title='bbox 880 3521 958 3574; x_wconf 83' lang='lat' dir='ltr'>Fero.</span> <span class='ocrx_word' id='word_1_355' title='bbox 976 3519 1066 3590; x_wconf 74' lang='lat' dir='ltr'>AEgid,</span> <span class='ocrx_word' id='word_1_356' title='bbox 1083 3522 1190 3577; x_wconf 61' lang='lat' dir='ltr'>Morus.</span> 
     </span>
     <span class='ocr_line' id='line_1_39' title="bbox 123 3599 1188 3671; baseline 0.004 -19"><span class='ocrx_word' id='word_1_357' title='bbox 123 3599 237 3670; x_wconf 78' lang='lat' dir='ltr'>Grypb.</span> <span class='ocrx_word' id='word_1_358' title='bbox 248 3612 275 3652; x_wconf 86' lang='lat' dir='ltr'>et</span> <span class='ocrx_word' id='word_1_359' title='bbox 284 3599 464 3671; x_wconf 83' lang='lat' dir='ltr'>duodeviginti</span> <span class='ocrx_word' id='word_1_360' title='bbox 474 3601 568 3653; x_wconf 82' lang='lat' dir='ltr'>Perire.</span> <span class='ocrx_word' id='word_1_361' title='bbox 578 3600 661 3653; x_wconf 60' lang='lat' dir='ltr'>audes</span> <span class='ocrx_word' id='word_1_362' title='bbox 673 3619 755 3652; x_wconf 78' lang='lat' dir='ltr'>oerum</span> <span class='ocrx_word' id='word_1_363' title='bbox 768 3601 903 3671; x_wconf 80' lang='lat' dir='ltr'>OEdt&#39;pum.</span> <span class='ocrx_word' id='word_1_364' title='bbox 917 3600 971 3654; x_wconf 80' lang='lat' dir='ltr'>Alii</span> <span class='ocrx_word' id='word_1_365' title='bbox 978 3639 986 3666; x_wconf 91' lang='lat'>‚</span> <span class='ocrx_word' id='word_1_366' title='bbox 1005 3601 1073 3654; x_wconf 82' lang='lat' dir='ltr'>Phil.</span> <span class='ocrx_word' id='word_1_367' title='bbox 1092 3603 1188 3656; x_wconf 73' lang='lat' dir='ltr'>Arent.</span> 
     </span>
     <span class='ocr_line' id='line_1_40' title="bbox 92 3679 1191 3750; baseline 0.002 -18"><span class='ocrx_word' id='word_1_368' title='bbox 92 3697 100 3708; x_wconf 93' lang='lat'>·</span> <span class='ocrx_word' id='word_1_369' title='bbox 123 3681 202 3732; x_wconf 85' lang='lat' dir='ltr'>Petr.</span> <span class='ocrx_word' id='word_1_370' title='bbox 219 3679 321 3732; x_wconf 83' lang='lat' dir='ltr'>Fabric.</span> <span class='ocrx_word' id='word_1_371' title='bbox 336 3679 465 3733; x_wconf 87' lang='lat' dir='ltr'>Commel.</span> <span class='ocrx_word' id='word_1_372' title='bbox 477 3680 555 3732; x_wconf 82' lang='lat' dir='ltr'>Fero.</span> <span class='ocrx_word' id='word_1_373' title='bbox 569 3679 651 3750; x_wconf 75' lang='lat' dir='ltr'>Tityo.</span> <span class='ocrx_word' id='word_1_374' title='bbox 666 3693 692 3732; x_wconf 91' lang='lat' dir='ltr'>et</span> <span class='ocrx_word' id='word_1_375' title='bbox 707 3681 786 3733; x_wconf 80' lang='lat' dir='ltr'>Puris.</span> <span class='ocrx_word' id='word_1_376' title='bbox 805 3683 897 3744; x_wconf 78' lang='lat'>8261,</span> <span class='ocrx_word' id='word_1_377' title='bbox 913 3681 999 3732; x_wconf 80' lang='lat' dir='ltr'>rudius</span> <span class='ocrx_word' id='word_1_378' title='bbox 1009 3699 1091 3732; x_wconf 77' lang='lat' dir='ltr'>venem</span> <span class='ocrx_word' id='word_1_379' title='bbox 1104 3683 1191 3734; x_wconf 72' lang='lat' dir='ltr'>oudi-</span> 
     </span>
     <span class='ocr_line' id='line_1_41' title="bbox 120 3757 1191 3831; baseline 0.002 -19"><span class='ocrx_word' id='word_1_380' title='bbox 120 3777 195 3831; x_wconf 77' lang='lat' dir='ltr'>punt.</span> <span class='ocrx_word' id='word_1_381' title='bbox 214 3759 328 3828; x_wconf 78' lang='lat' dir='ltr'>liaphel·</span> <span class='ocrx_word' id='word_1_382' title='bbox 347 3759 420 3812; x_wconf 89' lang='lat' dir='ltr'>Delr.</span> <span class='ocrx_word' id='word_1_383' title='bbox 440 3759 519 3812; x_wconf 88' lang='lat' dir='ltr'>Grut.</span> <span class='ocrx_word' id='word_1_384' title='bbox 536 3757 625 3811; x_wconf 81' lang='lat' dir='ltr'>Heius.</span> <span class='ocrx_word' id='word_1_385' title='bbox 640 3759 722 3812; x_wconf 86' lang='lat' dir='ltr'>Soriv.</span> <span class='ocrx_word' id='word_1_386' title='bbox 738 3761 824 3812; x_wconf 75' lang='lat' dir='ltr'>nudmr</span> <span class='ocrx_word' id='word_1_387' title='bbox 844 3779 943 3823; x_wconf 82' lang='lat' dir='ltr'>oerum,</span> <span class='ocrx_word' id='word_1_388' title='bbox 963 3759 1071 3831; x_wconf 80' lang='lat' dir='ltr'>OEdips.</span> <span class='ocrx_word' id='word_1_389' title='bbox 1092 3761 1132 3814; x_wconf 84' lang='lat' dir='ltr'>Ex</span> <span class='ocrx_word' id='word_1_390' title='bbox 1149 3762 1191 3814; x_wconf 84' lang='lat' dir='ltr'>his</span> 
     </span>
     <span class='ocr_line' id='line_1_42' title="bbox 123 3837 1190 3912; baseline 0.004 -22"><span class='ocrx_word' id='word_1_391' title='bbox 123 3837 241 3890; x_wconf 82' lang='lat' dir='ltr'>diversis</span> <span class='ocrx_word' id='word_1_392' title='bbox 257 3837 431 3902; x_wconf 83' lang='lat' dir='ltr'>lectionibus,</span> <span class='ocrx_word' id='word_1_393' title='bbox 453 3837 604 3890; x_wconf 83' lang='lat' dir='ltr'>Gronovius</span> <span class='ocrx_word' id='word_1_394' title='bbox 621 3852 647 3892; x_wconf 85' lang='lat' dir='ltr'>et</span> <span class='ocrx_word' id='word_1_395' title='bbox 666 3839 841 3902; x_wconf 85' lang='lat' dir='ltr'>recentiores,</span> <span class='ocrx_word' id='word_1_396' title='bbox 863 3841 946 3892; x_wconf 77' lang='lat' dir='ltr'>audiet</span> <span class='ocrx_word' id='word_1_397' title='bbox 961 3859 1060 3904; x_wconf 82' lang='lat' dir='ltr'>orrum,</span> <span class='ocrx_word' id='word_1_398' title='bbox 1081 3841 1190 3912; x_wconf 73' lang='lat' dir='ltr'>OEdtpe.</span> 
     </span>
     <span class='ocr_line' id='line_1_43' title="bbox 124 3916 1099 3991; baseline 0.004 -23"><span class='ocrx_word' id='word_1_399' title='bbox 124 3916 247 3970; x_wconf 86' lang='lat' dir='ltr'>Videtur</span> <span class='ocrx_word' id='word_1_400' title='bbox 259 3919 376 3988; x_wconf 87' lang='lat' dir='ltr'>primunt</span> <span class='ocrx_word' id='word_1_401' title='bbox 388 3919 492 3991; x_wconf 84' lang='lat' dir='ltr'>Lipsius</span> <span class='ocrx_word' id='word_1_402' title='bbox 509 3917 609 3987; x_wconf 83' lang='lat' dir='ltr'>OEdt&#39;pe</span> <span class='ocrx_word' id='word_1_403' title='bbox 619 3937 669 3989; x_wconf 88' lang='lat' dir='ltr'>pro</span> <span class='ocrx_word' id='word_1_404' title='bbox 685 3917 811 3989; x_wconf 68' lang='lat' dir='ltr'>OEdtpum</span> <span class='ocrx_word' id='word_1_405' title='bbox 824 3938 856 3972; x_wconf 85' lang='lat' dir='ltr'>ex</span> <span class='ocrx_word' id='word_1_406' title='bbox 868 3920 925 3973; x_wconf 85' lang='lat' dir='ltr'>MS.</span> <span class='ocrx_word' id='word_1_407' title='bbox 940 3938 987 3972; x_wconf 86' lang='lat' dir='ltr'>suo</span> <span class='ocrx_word' id='word_1_408' title='bbox 999 3919 1099 3990; x_wconf 78' lang='lat' dir='ltr'>legisse.</span> 
     </span>
    </p>

    <p class='ocr_par' dir='ltr' id='par_1_15' title="bbox 123 3997 1190 4150">
     <span class='ocr_line' id='line_1_44' title="bbox 173 3997 1187 4071; baseline 0 -21"><span class='ocrx_word' id='word_1_409' title='bbox 173 3998 238 4051; x_wconf 83' lang='lat'>18¹.</span> <span class='ocrx_word' id='word_1_410' title='bbox 253 3998 311 4067; x_wconf 77' lang='lat' dir='ltr'>Quo</span> <span class='ocrx_word' id='word_1_411' title='bbox 320 4001 391 4067; x_wconf 82' lang='lat' dir='ltr'>coept&#39;t</span> <span class='ocrx_word' id='word_1_412' title='bbox 404 3997 527 4050; x_wconf 73' lang='lat' dir='ltr'>norisio</span> <span class='ocrx_word' id='word_1_413' title='bbox 540 3997 619 4052; x_wconf 82' lang='lat' dir='ltr'>Fern.</span> <span class='ocrx_word' id='word_1_414' title='bbox 632 4001 727 4053; x_wconf 77' lang='lat' dir='ltr'>Arent.</span> <span class='ocrx_word' id='word_1_415' title='bbox 738 3999 844 4071; x_wconf 79' lang='lat' dir='ltr'>Gryph.</span> <span class='ocrx_word' id='word_1_416' title='bbox 859 4000 930 4052; x_wconf 86' lang='lat' dir='ltr'>Petr.</span> <span class='ocrx_word' id='word_1_417' title='bbox 943 3999 1045 4053; x_wconf 75' lang='lat' dir='ltr'>Febrie.</span> <span class='ocrx_word' id='word_1_418' title='bbox 1057 3999 1187 4053; x_wconf 92' lang='lat' dir='ltr'>Comtnel.</span> 
     </span>
     <span class='ocr_line' id='line_1_45' title="bbox 123 4075 1190 4150; baseline 0.005 -24"><span class='ocrx_word' id='word_1_419' title='bbox 123 4088 156 4127; x_wconf 87' lang='lat' dir='ltr'>et</span> <span class='ocrx_word' id='word_1_420' title='bbox 170 4075 296 4130; x_wconf 83' lang='lat' dir='ltr'>tredecim</span> <span class='ocrx_word' id='word_1_421' title='bbox 310 4077 404 4131; x_wconf 79' lang='lat' dir='ltr'>Periss.</span> <span class='ocrx_word' id='word_1_422' title='bbox 421 4077 465 4130; x_wconf 87' lang='lat' dir='ltr'>Sie</span> <span class='ocrx_word' id='word_1_423' title='bbox 479 4090 508 4148; x_wconf 82' lang='lat' dir='ltr'>et</span> <span class='ocrx_word' id='word_1_424' title='bbox 521 4075 651 4130; x_wconf 78' lang='lat' dir='ltr'>Bedeuine</span> <span class='ocrx_word' id='word_1_425' title='bbox 666 4078 714 4148; x_wconf 81' lang='lat' dir='ltr'>qni</span> <span class='ocrx_word' id='word_1_426' title='bbox 727 4079 816 4134; x_wconf 82' lang='lat' dir='ltr'>lorum</span> <span class='ocrx_word' id='word_1_427' title='bbox 828 4093 897 4134; x_wconf 85' lang='lat' dir='ltr'>recte</span> <span class='ocrx_word' id='word_1_428' title='bbox 911 4079 1108 4150; x_wconf 82' lang='lat' dir='ltr'>interpretetur.</span> <span class='ocrx_word' id='word_1_429' title='bbox 1125 4077 1190 4131; x_wconf 86' lang='lat' dir='ltr'>Vid.</span> 
     </span>
    </p>
   </div>
   <div class='ocr_carea' id='block_1_5' title="bbox 228 4168 1048 4262">
    <p class='ocr_par' dir='ltr' id='par_1_16' title="bbox 228 4168 1048 4262">
     <span class='ocr_line' id='line_1_46' title="bbox 228 4168 1048 4262; baseline 0.005 -30"><span class='ocrx_word' id='word_1_430' title='bbox 228 4168 257 4232; x_wconf 81' lang='lat' dir='ltr'>l.</span> <span class='ocrx_word' id='word_1_431' title='bbox 1004 4193 1048 4262; x_wconf 78' lang='lat'>29</span> 
     </span>
    </p>
   </div>
   <div class='ocr_carea' id='block_1_6' title="bbox 0 0 1540 5158">
    <p class='ocr_par' dir='ltr' id='par_1_17' title="bbox 0 0 1540 5158">
     <span class='ocr_line' id='line_1_47' title="bbox 0 0 1540 5158; baseline 0 0"><span class='ocrx_word' id='word_1_432' title='bbox 0 0 1540 5158; x_wconf 95' lang='lat' dir='ltr'> </span> 
     </span>
    </p>
   </div>
  </div>
 </body>
</html>
