3168 5140
400 546 679 614 ruinsrns.
714 547 823 614 Aer.
853 547 929 614 ιιι.
1120 547 1194 644 259
1237 647 1239 654 Α

189 704 295 750 rnrsr.
314 681 512 747 Sunrmnest
527 689 681 770 potestus.
699 699 780 745 rur.
799 676 916 765 Nulla,
933 679 960 746 si
977 680 1089 772 cupias
1105 680 1195 750 nihil.

191 809 298 855 rntsr.
316 787 411 854 Natis
428 782 598 876 relinques.
615 805 696 850 mir.
713 785 790 850 Non
806 784 894 877 capit
911 809 1049 879 regnum
1068 785 1160 856 duos.

191 914 297 960 rntsr.
314 892 417 958 Miser
431 912 503 957 esse
518 885 664 974 mavult,
681 912 751 956 esse
770 891 826 984 qui
845 888 920 957 felix
937 889 1068 984 potest?
1160 925 1198 970 ns

192 1021 273 1066 rnr.
294 996 379 1064 Mihi
401 994 518 1080 crede,
540 993 629 1062 falsis
651 1017 771 1089 magna
793 996 980 1068 nominibus
997 994 1145 1091 placent3

182 1181 248 1244 443.
257 1179 510 1248 Summaestpotestas.
517 1179 649 1240 Attamen,
694 1177 786 1248 telligit
796 1177 939 1244 Furnuhius
949 1196 956 1230 ε
970 1178 1080 1251 «Neque
1090 1199 1138 1234 nos
1147 1182 1199 1236 sra-

140 1259 247 1331 reponit
258 1259 379 1330 juvenis,
400 1257 427 1310 in
448 1275 529 1326 regno
546 1269 648 1309 summu
694 1269 746 1309 tres
762 1257 849 1328 capit,
867 1275 953 1328 neque
971 1277 1017 1311 vos
1031 1260 1125 1330 cupiet.
1140 1287 1151 1308 ι
1163 1262 1199 1315 Et

142 1353 180 1392 est
200 1349 314 1410 potestas
331 1350 356 1390 et
377 1333 514 1408 quodlibet
535 1333 648 1388 faciendi
693 1335 803 1406 interpr.
825 1336 884 1406 gall.
903 1337 986 1407 Coupd
1004 1337 1091 1391 locum
1113 1340 1150 1393 sio
1171 1341 1200 1393 in

142 1419 255 1472 licentis.
271 1417 332 1469 Non
349 1415 416 1469 vidit
434 1414 566 1469 Budenius
581 1414 650 1466 hanc
692 1415 762 1466 notis
773 1415 883 1485 explicet
895 1433 901 1468 :
913 1416 939 1468 Il
947 1421 1014 1469 avait
1022 1417 1086 1470 deire
1088 1417 1134 1488 fils
1143 1420 1198 1491 ddja

141 1498 215 1568 regni
237 1495 419 1549 definitionem
438 1494 528 1565 juveni
549 1493 650 1564 optime
691 1495 792 1564 grands,
808 1515 863 1546 avec
878 1514 910 1546 uo
917 1495 996 1562 suible
1009 1499 1099 1564 ensont.
1113 1499 1199 1552 Mani-

143 1578 314 1640 attributnm,
330 1575 375 1645 qui
394 1573 463 1626 nihil
485 1573 576 1626 meiius
596 1587 651 1624 esse
694 1575 788 1626 festum
811 1586 849 1626 est
871 1574 1014 1646 Thyestem
1037 1575 1072 1628 de
1094 1596 1121 1631 se
1143 1579 1200 1650 ipso

144 1655 266 1725 intelligit
285 1672 365 1724 quum
386 1656 465 1704 omnia
481 1672 568 1722 posse,·
586 1651 651 1704 falso
695 1664 798 1706 tuntum
811 1665 837 1706 et
850 1655 932 1706 Atreo
945 1655 1120 1727 loqui‚quod
1133 1660 1204 1730 opti-

144 1736 226 1806 igitur
238 1733 396 1786 sententium
410 1730 520 1799 irridet,
531 1731 605 1802 quasi
618 1730 651 1783 ad
695 1751 736 1784 me
750 1731 815 1785 vidit
827 1733 900 1784 Deir.
914 1761 925 1781 ·
934 1733 990 1786 Cur
1003 1751 1115 1806 regnum
1129 1750 1202 1790 tunto

145 1813 215 1868 istud
231 1812 336 1876 redeat,
352 1831 449 1882 regnum
465 1832 514 1864 esse
533 1829 650 1881 regnum,
670 1811 672 1816 ⁸
696 1829 757 1864 curn
765 1810 865 1864 damno
874 1813 998 1882 cupium?
1009 1813 1098 1868 Puer.
1110 1815 1137 1868 si
1146 1836 1200 1870 non

145 1908 170 1948 et
181 1895 287 1964 culpam
299 1892 466 1945 librariorum
483 1909 537 1944 esne
551 1887 652 1954 credit,
696 1903 756 1955 tus,
764 1903 853 1946 nostra
861 1892 952 1944 saltem
960 1911 1049 1957 unuss3
1058 1913 1106 1948 nos
1115 1897 1202 1963 enim,

145 1975 190 2046 qui
202 1990 351 2026 sermonem
362 1971 389 2024 in
401 1969 465 2024 duas
476 1988 600 2042 personas
610 1966 653 2021 di·
696 1971 748 2022 nisi
767 1989 877 2040 regnum
897 1971 1071 2041 Mycenarum
1091 1976 1203 2046 accipis,

146 2055 282 2116 viserunt,
297 2051 324 2103 in
340 2069 391 2103 nnn
407 2051 529 2120 Thyeste
541 2066 653 2121 persone
696 2062 808 2121 egestate
828 2064 956 2122 perpetuo
980 2070 1203 2110 consenescemus.

146 2129 358 2185 continuandum
370 2131 422 2183 hoc
435 2128 515 2182 ruodo
528 2149 535 2180 ε
550 2130 654 2193 ιΩιιιιιιι
696 2129 723 2182 Si
735 2129 804 2181 nihil
818 2130 902 2201 cupis,
917 2131 956 2182 nil
966 2130 999 2184 ud
1012 2131 1081 2185 filios
1095 2133 1205 2189 hnredi·

147 2211 244 2282 pomirn
263 2209 340 2262 mori.
360 2209 467 2262 Summa
485 2221 524 2262 est
539 2219 654 2279 potestas
697 2210 765 2262 turio
774 2211 834 2280 jure
846 2210 1015 2264 transmittes.
1024 2213 1144 2266 'I'nrnsn
1156 2216 1204 2268 Er-

147 2293 235 2356 nullu,
249 2291 270 2342 si
285 2289 375 2359 cupias
388 2289 465 2342 nihil.
480 2289 552 2340 Plist.
565 2287 654 2350 Natis,
698 2307 739 2340 ras
759 2307 765 2340 :
785 2307 839 2340 non
861 2288 905 2340 itte
923 2288 989 2342 mihi
1008 2293 1081 2363 regni
1103 2308 1204 2363 portem
1277 2301 1279 2305 ’

148 2386 198 2426 etc.
210 2397 220 2417 ι
233 2369 365 2420 -Nulln
380 2370 401 2422 Ι.
416 2387 439 2420 e.
455 2365 521 2438 quid
535 2385 602 2438 opus
616 2377 655 2418 est
698 2365 842 2432 concedet;
859 2386 968 2438 regnare
986 2367 1043 2422 duo
1060 2371 1137 2424 simul
1156 2393 1204 2428 ne-

147 2469 249 2504 sumrna
269 2461 411 2518 potestate,
427 2448 449 2498 si
463 2446 553 2517 cupias
568 2444 655 2498 nihil?
698 2459 815 2518 queunt;
826 2449 1015 2516 regnusooium
1026 2451 1202 2507 nonserunt.·

150 2531 216 2583 Nam
226 2529 306 2582 habet
317 2528 369 2580 hoc
380 2527 543 2598 precipuum
554 2543 656 2578 summa
698 2528 799 2579 Lucan.
814 2525 842 2589 I,
857 2545 903 2594 9².
920 2552 931 2573 ι
945 2527 1024 2580 Nulla
1041 2528 1108 2583 fides
1131 2535 1208 2603 regni

149 2621 279 2680 potestas,
291 2619 319 2659 ut
332 2607 399 2659 votis
413 2606 465 2658 srui
478 2604 656 2675 queuntium
699 2605 789 2669 sociis,
798 2606 936 2676 omnisque
942 2609 1207 2680 potestnsImpotiens

149 2689 258 2740 obvium
275 2703 379 2738 sensum
400 2685 501 2755 arripe,
519 2701 569 2736 nec
587 2683 656 2736 Gro·
700 2686 830 2737 consortis
848 2685 907 2737 erit.
928 2710 939 2731 ι
959 2686 1057 2740 Iustin.
1074 2689 1139 2754 x1‚·
1154 2709 1206 2745 rr:

151 2769 262 2820 noviom
276 2783 400 2836 sequere,
411 2765 456 2835 qui
468 2761 606 2816 contendit
617 2763 657 2814 in·
702 2764 834 2826 Coeternm,
852 2783 924 2836 neque
940 2767 1051 2818 mundum
1063 2787 1132 2836 posse
1146 2771 1206 2823 duo.

151 2844 322 2918 telligendum
334 2863 454 2914 aegeam,
466 2844 488 2896 si
497 2841 564 2896 obsit
573 2839 658 2894 libido
701 2843 743 2894 bus
757 2843 845 2895 solibus
858 2847 924 2912 regi,
941 2863 1014 2916 neque
1026 2845 1104 2897 orbem
1117 2869 1207 2902 summa

152 2940 178 2979 et
186 2926 307 2997 improba
318 2924 462 2995 cupiditas,
473 2935 502 2974 nt
513 2922 601 2974 obesse
612 2920 657 2974 de·
701 2922 749 2973 duo
767 2941 841 2992 regna
862 2924 928 2974 solvo
943 2929 1010 2974 statu
1029 2937 1143 2979 terrarum
1163 2931 1206 2981 lta·

152 3003 659 3076 bet,nihilplusposseprivstomeque
703 3002 763 3053 bere.
781 3003 885 3064 Itact'ne,
906 3002 1047 3056 Thebaide:

152 3087 224 3138 enim
237 3085 288 3137 sibi
299 3083 427 3155 perminii
438 3101 528 3153 posse,
542 3093 569 3132 et
578 3082 659 3150 magis
701 3087 732 3128 On
743 3101 767 3126 nn
776 3096 855 3139 punge
863 3089 920 3141 point
928 3088 944 3126 t·
952 3090 1049 3140 prendens·
1057 3096 1178 3134 souverain.

152 3166 308 3218 continetur
326 3161 472 3216 reverentia
492 3162 581 3224 somn,
598 3160 661 3212 nul·
743 3163 808 3223 446.
831 3161 927 3222 Falsis,
951 3173 1001 3214 etc.
1027 3161 1208 3234 Opponuntur

153 3247 208 3298 lnrn
230 3245 253 3297 ei
272 3255 401 3296 secretum
419 3239 565 3310 indulgenti
577 3264 601 3291 ι.
621 3239 660 3290 En
704 3257 791 3307 magna
802 3251 828 3292 et
838 3239 899 3290 duro
910 3259 919 3290 :
932 3239 987 3292 huie
998 3241 1062 3294 falso
1073 3245 1209 3316 timentur,

154 3325 258 3394 longius
266 3323 346 3394 petito
357 3321 480 3374 arbitror.
490 3320 598 3390 Repetit
604 3331 661 3371 ton·
703 3317 745 3369 ills
754 3317 1113 3392 fnlsocupiunturetplncent
1121 3343 1127 3376 :
1136 3327 1209 3397 quod

155 3419 212 3456 tum
232 3403 360 3475 Thyestes
381 3412 408 3453 et
427 3401 504 3454 iterat
525 3417 585 3470 qun
605 3399 659 3468 jam
704 3396 836 3466 explimnt
857 3400 1002 3468 sequentis.
1025 3434 1065 3443 —
1088 3405 1211 3461 Imitatur
1310 3443 1312 3457 ,

156 3485 262 3536 Chorus
278 3481 374 3535 cecinit
390 3501 415 3532 v.
432 3479 488 3533 380
502 3491 527 3531 et
545 3477 600 3532 388
611 3494 617 3529 :
628 3474 661 3529 nd
705 3477 802 3529 Noster
818 3476 986 3548 Euripidem,
1002 3480 1088 3552 tphtg.
1109 3483 1136 3536 in
1153 3488 1209 3540 Au.

155 3581 235 3634 quem
249 3563 337 3613 locum
354 3558 414 3612 vide
429 3577 488 3630 qun
502 3557 640 3610 citavimus
654 3573 661 3609 :
682 3628 689 3636 Ι
706 3555 752 3608 lid.
770 3573 819 3620 no,
832 3557 877 3608 nbi
888 3575 965 3610 senex
979 3557 1094 3615 honores
1106 3577 1131 3616 et
1141 3583 1211 3620 sum·

157 3641 225 3696 adde
238 3659 296 3712 sqtp
307 3637 413 3692 Sen.de
434 3637 524 3690 Benes.
541 3637 596 3700 111,
611 3635 661 3706 37:
706 3653 775 3687 mum
801 3648 971 3707 potestatem,
995 3651 1025 3692 ut
1047 3641 1213 3714 Plisthenes,

157 3724 214 3775 Hoc
223 3733 259 3774 est
269 3739 380 3790 regnum,
395 3717 458 3770 nolle
469 3735 578 3786 regnare,
594 3733 664 3786 quum
707 3713 795 3768 laudat
813 3734 819 3766 :
840 3716 913 3769 «Καὶ
931 3719 978 3786 μὴν
998 3719 1025 3770 τὸ
1044 3724 1114 3774 καλόν
1135 3733 1159 3797 γ’
1175 3729 1212 3779 ἐν.

154 3806 241 3873 possis.
256 3798 395 3854 Clsndian.
406 3795 441 3850 de
454 3808 548 3868 quarto
562 3794 664 3848 consul.
708 3799 787 3846 tants
799 3796 860 3860 βίω.
870 3821 881 3840 »ι
895 3800 1074 3866 Agamemnon
1089 3821 1152 3856 vero
1162 3844 1169 3874 ,
1181 3820 1212 3861 ut

159 3880 289 3944 Honorii,
304 3879 386 3938 VIII,
402 3881 455 3930 26²
470 3876 573 3928 :aTunc
586 3877 665 3926 omnia
708 3875 852 3944 Thyestes,
872 3876 977 3946 reponit
994 3895 1001 3928 :
1022 3885 1120 3934 «Τοῦτο
1139 3880 1169 3937 di
1189 3896 1214 3958 γ’

154 3965 210 4030 juin
231 3960 331 4020 tenebis,
351 3958 431 4026 Quum
439 4021 444 4036 .
447 3959 537 4026 poteris
557 3974 598 4005 rex
618 3973 682 4005 esse·
711 3953 763 4005 Inri
774 3957 801 4006 τὸ
813 3956 901 4019 καλὸν,
914 3959 1036 4027 oputspo's‘
1052 3959 1102 4012 Καὶ
1117 3966 1143 4016 τὸ
1155 3969 1217 4035 Μ’.

160 4043 204 4092 tui.
218 4065 229 4086 ι
246 4039 279 4091 Et
295 4038 412 4102 Boileou,
428 4037 502 4105 Eptt.
512 4035 547 4097 V,
563 4035 613 4086 58:
712 4053 780 4104 τιμον
796 4035 872 4087 nott
887 4035 943 4104 μὲν,
956 4039 1028 4088 λυπεῖ
1040 4034 1069 4092 di
1081 4049 1217 4111 προσιστά-

159 4127 198 4174 Qui
210 4126 238 4163 vit
250 4134 331 4164 content
343 4124 366 4162 de
379 4124 432 4168 rien,
447 4121 527 4174 posside
539 4129 592 4158 toute
603 4119 667 4159 dnm.
713 4132 792 4184 μνον.
803 4139 813 4160 n
824 4111 939 4167 Videtur
949 4115 1004 4168 Itaec
1013 4118 1105 4172 ultime
1115 4140 1219 4194 expret-

204 4202 268 4259 444.
285 4195 341 4248 Non
355 4198 418 4264 capit
434 4212 530 4261 regnum
544 4191 610 4244 duos.
626 4192 670 4242 In·
714 4192 775 4244 sisse
788 4191 922 4255 comente,
940 4194 967 4246 in
982 4197 1089 4268 trngoed.
1105 4220 1163 4272 qua
1176 4203 1217 4255 in.

972 4303 1037 4397 17²
