3090 5142
338 585 458 654 lxxxiv
604 585 845 660 uls‘rofltcn
871 589 927 658 ET
951 586 1135 658 cutmen

244 689 250 714 ⁹
339 705 520 772 Fatendum
539 727 690 796 prorsus,
706 731 773 772 non
790 709 928 774 multum
948 707 980 771 in
996 704 1211 796 exprimendis
1231 704 1401 769 affectibus

340 807 553 876 exsudeturos
567 821 695 900 poetas,
708 813 736 877 si
744 829 815 878 tsnt
829 829 938 904 aperte
948 829 981 877 et
994 809 1201 901 impudenter
1213 809 1402 900 loquantur,

340 919 397 1007 qui
413 917 533 983 nefaria
549 919 739 986 moliuntur.

385 1025 509 1090 Scelere
522 1023 655 1090 dunum
670 1025 801 1108 bueus,
818 1024 937 1112 quibus
955 1024 1062 1114 ipsust
1076 1020 1215 1088 offendit
1227 1021 1403 1110 Thyestes,

340 1131 485 1220 attingit3
503 1146 575 1218 apta
591 1127 743 1218 quidem,
763 1147 796 1196 at
808 1151 877 1195 sera
887 1128 1205 1195 commemoratione.
1221 1129 1405 1216 lutet-rogat

341 1235 662 1316 succensentem,
688 1260 751 1325 qua
771 1252 866 1325 poens
887 1235 1061 1324 Thyestem
1085 1235 1212 1323 plectat.
1236 1231 1403 1298 Nonnulla

342 1340 444 1423 rejicit
461 1339 611 1424 consilia,
628 1357 661 1408 et
683 1341 856 1430 spectantis
880 1341 1026 1407 animum
1048 1339 1145 1427 longa
1164 1337 1404 1426 exspectatione

342 1444 480 1530 detinet,
501 1462 540 1511 ut
557 1445 820 1537 epigrammatico
831 1445 961 1513 taudem
976 1443 1077 1510 verbo
1088 1443 1213 1508 nodum
1229 1443 1342 1508 solvat.
1358 1443 1405 1507 Ut

250 1580 255 1592 ·
341 1547 521 1614 vindictam
537 1551 680 1639 explent,
707 1572 767 1614 nec
789 1549 894 1632 sono,
917 1571 978 1616 nec
1001 1549 1094 1638 igne,
1121 1569 1182 1612 nec
1204 1546 1405 1636 quibuslibet

343 1655 439 1720 annis
455 1671 565 1720 utetur
581 1677 590 1721 t
607 1657 678 1745 ipso
691 1671 802 1722 utetur
812 1655 962 1746 Thyeste.
981 1654 1082 1737 Quod
1095 1651 1227 1742 quidem
1241 1672 1309 1718 non
1326 1675 1404 1718 acu-

342 1760 430 1824 mine
442 1777 565 1843 careat,
578 1758 634 1826 sed
646 1759 720 1824 ideo
733 1759 841 1824 minus
849 1757 977 1842 efficax,
990 1760 1065 1848 quia
1079 1758 1217 1847 longiori
1229 1757 1402 1822 verborum

344 1866 479 1930 circuitu
492 1883 705 1955 praeparatum
718 1883 750 1932 et
765 1867 856 1956 quasi
869 1867 1099 1956 praemunitum
1112 1881 1159 1930 est
1170 1863 1228 1952 (1).

387 1971 531 2037 Effertur
557 1971 674 2040 deinde
699 1975 815 2038 Atreus
842 1971 984 2062 quodam
1013 1971 1112 2036 animi
1134 1969 1278 2059 impetu,
1304 1981 1338 2032 et
1363 1967 1405 2031 ad

344 2077 593 2166 concipiendum
613 2079 678 2143 hec
698 2077 826 2145 sceleris
841 2093 1043 2160 monstrum,
1061 2076 1152 2165 quod
1170 2073 1270 2143 modo
1286 2072 1405 2138 admis-

344 2203 441 2247 surus
454 2198 502 2248 est
512 2231 521 2263 ,
533 2183 623 2271 quasi
632 2200 775 2274 praeceps
786 2184 898 2248 fertur.
909 2179 1122 2262 Recordatur,
1136 2203 1232 2270 quam
1245 2181 1404 2244 ultionem

344 2311 361 2352 a
379 2285 503 2375 perfido
519 2287 633 2352 marito
649 2287 773 2354 Procne
789 2287 946 2376 exegerim
966 2285 1023 2351 sed
1038 2289 1092 2352 irae
1111 2287 1180 2367 ejus
1199 2309 1266 2351 non
1287 2282 1406 2349 sufficit

344 2407 434 2456 tanta
453 2389 603 2456 vindicte)
624 2393 835 2458 immanitas:
857 2415 924 2456 non
945 2393 1014 2457 vult
1037 2392 1209 2474 adhibere,
1231 2389 1321 2478 quod
1337 2390 1406 2478 ipse

348 2518 416 2559 non
432 2498 658 2588 excogitaverit
669 2495 726 2586 (α).
734 2497 865 2564 laceret
877 2497 1027 2587 Thyestis
1040 2497 1161 2562 liberos
1174 2494 1405 2583 eomedatque:

348 2602 431 2666 natis
453 2603 519 2668 suis
545 2601 694 2672 mandata
709 2601 787 2670 date
803 2603 930 2685 statuit,
949 2627 1021 2692 quse
1040 2619 1157 2692 patruo
1173 2601 1294 2684 ferant,
1316 2616 1355 2665 ut
1372 2601 1406 2662 in

381 2808 419 2872 (ι)
487 2823 541 2858 sir.
555 2839 597 2859 ·..
610 2803 684 2872 Quid
696 2807 759 2860 nori
775 2805 887 2863 rabidus
898 2807 996 2860 suuis?

487 2909 547 2946 sn.
556 2893 602 2948 Nil
614 2893 688 2966 quod
700 2891 798 2950 doloris
810 2897 897 2967 cupiat
910 2895 1007 2950 assueti
1015 2895 1135 2948 modum.

493 2977 601 3030 Nullum
614 2977 760 3050 relinquam
775 2979 892 3046 lacinus,
901 2992 927 3033 et
941 2979 1044 3033 nullutn
1058 2992 1096 3033 est
1109 2979 1178 3033 satis.

486 3083 545 3124 six.
558 3067 680 3122 Ferrum.
690 3087 754 3124 sta.
763 3067 860 3124 Parum
872 3082 921 3126 est.
932 3089 989 3124 sir.
1002 3069 1077 3136 Quid
1085 3069 1171 3144 igniti¹
1182 3085 1243 3124 rra.
1256 3068 1408 3122 Etiamnum

559 3167 720 3227 mmnmt

487 3261 543 3298 sn.
550 3243 677 3310 Quonam
686 3263 749 3318 ergo
757 3245 809 3300 telo
817 3258 907 3302 tantus
916 3259 1005 3302 utetur
1015 3245 1109 3302 dolori

488 3351 552 3388 m.
560 3333 623 3408 Ipso
634 3334 760 3408 Thyeste.

299 3449 300 3454 ¹
345 3458 405 3508 lam
418 3467 492 3510 antea
504 3455 623 3529 gladium
634 3459 738 3514 satelles
748 3459 900 3531 eligendum
918 3463 1105 3529 censueram.
1117 3462 1168 3528 ²⁴⁵
1179 3461 1262 3528 ,ferro
1271 3467 1410 3528 peremptis

348 3546 456 3612 spu-ium
474 3546 598 3598 inimum
614 3551 735 3618 exspuat).
756 3547 798 3601 sd
817 3547 889 3622 quod
903 3549 1046 3620 respondet
1059 3549 1168 3612 Atreus,
1187 3547 1410 3604 scholasticorum

349 3645 522 3704 tyrannoram
536 3651 609 3690 more
623 3655 630 3688 s
1429 3631 1431 3634 ¹

533 3743 569 3790 De
579 3743 626 3790 fine
634 3759 707 3806 pons
715 3743 827 3805 loqueris,
838 3758 883 3806 ego
893 3759 986 3808 punem
995 3746 1055 3792 tolo.

533 3819 633 3868 Psslmt
646 3831 758 3884 queens
768 3821 842 3878 lenis3
853 3823 878 3869 in
888 3836 961 3886 tegno
972 3839 1031 3892 neov

535 3901 600 3948 Mors
613 3903 755 3964 lnrpehalur.

383 4016 424 4082 (s)
493 4049 692 4068 ............
708 4013 1092 4077 Fateomimmaneestscelus,

490 4103 542 4158 Sed
554 4117 727 4178 occupatura:
742 4109 826 4179 majus
836 4106 887 4160 hoc
897 4103 998 4176 aliquid
1009 4105 1085 4160 dolor

494 4192 622 4247 Inveniat.

490 4393 499 4428 l
