3210 5140
364 518 432 612 178
551 513 604 582 m
634 515 921 584 sanctisunt
948 513 1228 584 sussurrant

357 647 451 700 Parias.
468 657 493 697 et
510 644 538 695 in
554 643 633 696 Fern.
652 641 754 696 Isoard.
771 642 858 714 AEgid.
875 643 971 696 Philol.
987 643 1080 696 haunt
1095 641 1168 698 editt.
1184 646 1275 716 Longe
1286 648 1372 717 aptius
1388 645 1421 700 ad

357 743 462 780 sensum
476 724 540 776 altar
554 723 621 776 mibi
633 720 749 776 videtur.

398 807 464 875 390.
479 805 552 872 Rigas
564 802 672 874 superba.
689 803 799 873 Scripsit
813 801 846 854 ad
859 803 1004 872 maginem
1016 803 1116 874 saperda
1127 803 1163 857 ll.
1175 803 1287 858 Grotius
1300 799 1383 876 (qnod
1396 818 1423 859 et

359 887 386 938 in
405 885 562 938 hscenuana
578 881 642 934 edit.
661 883 783 954 reperio;
802 879 875 934 ttnde
889 893 962 954 patet
978 881 1047 934 banc
1065 882 1277 936 emendationem
1293 903 1348 936 non
1365 886 1421 956 pri„

358 984 450 1027 mum,
464 976 494 1016 ut
510 960 654 1016 credidisse
670 960 796 1014 videntur
809 962 929 1015 Gronov.
944 962 1024 1016 Both.
1039 975 1066 1014 et
1080 961 1195 1027 liudem,
1212 983 1225 1015 a
1243 983 1349 1016 summo
1363 966 1421 1018 viro

359 1035 508 1110 tentatam).
525 1043 600 1094 Hanc
614 1041 692 1094 Both.
711 1053 738 1094 et
753 1039 817 1094 Bad.
832 1059 1000 1110 summopere
1012 1041 1203 1106 laudaverunt,
1215 1056 1244 1096 nt
1257 1063 1316 1114 qam
1331 1044 1365 1096 ad
1380 1044 1421 1098 di·

358 1125 455 1177 ctionis
467 1121 624 1193 elegantiam
636 1122 751 1173 multum
764 1121 912 1184 conferret,
925 1119 1144 1192 Gronovinmqne
1153 1123 1358 1193 objurgaverunt
1370 1123 1421 1176 du·

359 1204 486 1257 bisantem
509 1200 543 1255 de
563 1203 714 1270 conjectura
734 1201 841 1265 Grotii,
863 1213 890 1252 et
910 1200 1115 1271 interrogantem
1136 1219 1197 1271 quc
1215 1203 1256 1254 via
1277 1203 1367 1256 lutura
1388 1205 1422 1256 sit

359 1283 500 1336 locutionis
523 1281 634 1334 Tantalis
650 1300 747 1350 pareas,
769 1281 820 1333 nisi
839 1278 998 1351 adjungatur
1016 1281 1116 1351 superba
1133 1299 1144 1333 .·
1159 1281 1304 1353 respondet
1323 1282 1422 1337 baden.

362 1362 415 1415 dici
426 1363 470 1414 hic
481 1360 599 1414 absolute
615 1361 726 1412 Tantalis
735 1377 831 1430 panas,
845 1371 875 1411 ut
888 1360 915 1412 in
927 1361 1078 1429 Agamemn.
1094 1361 1163 1429 374,
1179 1363 1319 1414 Tantalidos
1332 1368 1421 1415 meni.

362 1439 533 1512 Nosquidem
539 1440 642 1493 Botheo
648 1451 674 1491 et
681 1437 799 1492 Badenio
806 1440 991 1509 suffragamur,
997 1453 1125 1511 quatenns
1131 1441 1193 1494 satis
1202 1439 1342 1495 definitum
1349 1444 1423 1495 locu·

363 1522 444 1575 tionis
455 1519 566 1572 Tantalis
570 1538 657 1589 parens
666 1535 771 1572 sensam
779 1518 954 1574 contendunt.
962 1517 1014 1571 Sed
1024 1520 1155 1590 vulgatam
1164 1533 1251 1573 tamen
1260 1523 1421 1592 reponimus,

362 1620 421 1672 quan
435 1600 530 1652 melius
544 1617 604 1651 cum
622 1597 831 1669 precedentihus
845 1613 986 1662 consonet,
1002 1603 1107 1671 sequitur
1120 1601 1230 1670 sapardus
1245 1602 1310 1652 κίων
1325 1622 1341 1652 a
1358 1615 1423 1671 terga

332 1699 334 1706 ’
362 1683 429 1744 deam
447 1692 496 1732 etc.
508 1677 580 1743 Quid
591 1678 664 1730 enirn
679 1678 713 1730 ad
727 1678 884 1748 sententiam
900 1679 976 1740 lacit,
995 1681 1016 1731 si
1030 1679 1117 1732 Niobe
1130 1679 1158 1732 in
1173 1693 1257 1732 statua
1272 1681 1423 1734 florentina

362 1760 461 1831 superbe
473 1760 564 1830 lugere
576 1755 713 1817 videatur,
730 1759 747 1811 i.
760 1777 784 1810 c.
797 1759 855 1811 sine
867 1759 982 1810 lacrimis
995 1749 1045 1824 (ut
1058 1759 1169 1830 explicat
1185 1758 1283 1812 Baden.
1297 1760 1326 1812 in
1339 1761 1423 1831 speci·

364 1837 469 1904 mine),
482 1851 527 1891 aut
543 1839 565 1890 si
577 1837 661 1890 nobili
675 1849 702 1890 et
718 1838 857 1908 magnilica
873 1839 948 1890 luctu
960 1837 972 1899 (
980 1851 1010 1890 ut
1024 1839 1213 1910 iuterpretatur
1229 1832 1325 1907 Both.)
1340 1853 1423 1893 statua

363 1921 407 1972 illa
418 1919 563 1990 conspicua
573 1916 626 1970 sit?
639 1917 700 1970 Non
713 1916 747 1970 de
758 1918 881 1990 superbia
895 1918 1009 1982 Niobes,
1023 1917 1070 1970 sed
1081 1918 1115 1970 de
1129 1921 1184 1988 ejus
1195 1920 1325 1990 superbies
1335 1939 1424 1990 paena,

363 2000 407 2053 hic
427 1995 568 2052 dicendum
585 2009 639 2060 est,
657 2010 688 2049 ut
702 1995 877 2068 precedentis
895 1998 1092 2050 continuentur.
1115 2023 1126 2044 ι
1140 2000 1167 2057 1,
1189 1999 1320 2070 superbe,
1339 1999 1424 2070 inquit

363 2081 482 2148 Megara,
497 2076 605 2146 spiritns
619 2077 718 2129 feroces
732 2094 795 2146 gere
811 2094 818 2129 ε
832 2077 954 2148 sequitur
968 2077 1096 2148 superbos
1111 2077 1182 2130 ultor
1194 2077 1261 2131 deus
1263 2117 1309 2132 .....
1326 2079 1425 2150 Super·
1487 2133 1493 2156 Ι

363 2161 424 2212 bam
442 2157 513 2209 illam
528 2155 634 2208 Nioben
651 2154 729 2220 vide;
742 2155 810 2226 riget
827 2157 901 2209 luctu
913 2181 944 2220 ι,
960 2169 1010 2209 etc.
1025 2157 1172 2210 Confirmat
1186 2159 1255 2212 hanc
1269 2159 1425 2229 interpreta-

364 2239 464 2291 tionem
479 2253 590 2306 sequens
605 2253 696 2288 versus
711 2249 857 2306 noestmqac,
872 2248 922 2288 etc.
939 2236 968 2289 in
982 2254 1036 2306 qno
1049 2235 1083 2288 de
1098 2235 1191 2289 dolore
1205 2249 1308 2290 tantum
1323 2251 1349 2290 et
1363 2257 1425 2309 snp-

363 2318 445 2387 plicio
457 2313 614 2368 Tantalidos
627 2313 736 2367 dicitur.
749 2315 804 2378 Qui
816 2315 915 2386 staperba
928 2316 1136 2379 substituerunt,
1150 2335 1254 2370 causam
1267 2333 1353 2387 prensa
1365 2337 1425 2371 cum

363 2399 420 2467 ipsa
439 2413 517 2466 poena
533 2394 698 2446 miscuerunt
713 2411 720 2444 :
737 2411 768 2446 ea
783 2392 932 2465 distingue,
950 2408 977 2448 et
997 2396 1053 2465 lege
1071 2400 1134 2464 riget
1147 2397 1263 2466 ειφινύα,
1280 2385 1355 2467 cuod
1372 2415 1427 2449 nou

363 2495 436 2530 secus
448 2472 632 2545 accipiendum
643 2485 683 2526 est
695 2491 725 2526 ac
736 2477 800 2543 repet
808 2487 909 2544 parapter
919 2475 1058 2544 strpnrbiam.
1071 2477 1102 2528 ln
1113 2474 1196 2528 Statio
1210 2475 1332 2546 quidem,
1341 2477 1426 2529 Theb.

364 2557 414 2620 IV,
429 2555 483 2624 576
494 2593 502 2620 ,
514 2553 613 2606 dicitur
623 2553 710 2606 Niobe
724 2555 814 2605 tumida
827 2554 891 2606 lactu
903 2573 1037 2622 sumersete
1044 2557 1144 2620 funera,
1160 2556 1233 2626 quod
1248 2557 1334 2608 forsan
1349 2575 1426 2609 sunm

365 2635 467 2687 Botheo
485 2645 512 2686 et
529 2631 646 2685 Badenio
664 2651 781 2685 errorem
797 2633 923 2702 imposuit
939 2651 946 2685 :
962 2633 1008 2686 sed
1026 2633 1074 2686 alia
1094 2647 1132 2686 est
1148 2635 1237 2700 Statii,
1257 2637 1307 2688 alia
1325 2635 1428 2688 &nacae

363 2705 512 2768 sentenlia:
528 2712 624 2765 Statius
637 2712 800 2784 pervicacem
814 2712 914 2765 Niobes
929 2713 1079 2784 superbiam
1094 2712 1238 2779 describit;
1252 2714 1349 2767 Seneca
1364 2735 1427 2768 vero

365 2794 471 2846 Nioben
486 2811 518 2844 eo
529 2804 633 2846 tantum
643 2805 786 2856 memorat,
799 2805 830 2844 ut
842 2795 898 2864 ejus
910 2793 1034 2865 exemplo
1044 2791 1128 2847 discat
1140 2795 1242 2865 Lycus,
1252 2812 1311 2866 quta
1325 2806 1428 2848 maneat

365 2873 494 2944 superbos
509 2889 594 2944 paena.

406 2953 473 3022 393.
487 2952 594 3024 Illyrica.
606 2950 726 3004 Gronov.
737 2950 817 3004 Both.
832 2964 860 3005 et
871 2950 972 3006 Badeo.
988 2953 1074 3023 Illyria
1087 2953 1210 3006 sumtitui
1223 2955 1364 3025 jusserunt.
1377 2952 1427 3006 Sed
1479 2997 1481 3000 ,

365 3033 437 3085 nulla
460 3031 584 3085 codicum
604 3031 759 3084 auctoritate
781 3031 877 3084 nititur
897 3033 945 3084 ista
971 3030 1130 3086 emendatio.
1152 3033 1270 3087 Gronov.
1290 3035 1426 3102 asaiam

365 3125 499 3176 caussarum
519 3109 565 3164 sed
584 3112 708 3181 frequens
723 3111 750 3162 in
769 3111 854 3181 poetis
872 3129 1044 3164 numerorum
1060 3113 1101 3164 vel
1120 3113 1232 3166 maxime
1251 3113 1361 3166 curiosis
1380 3113 1428 3165 iste

365 3194 525 3266 syllabarum
540 3189 609 3243 idem
623 3189 777 3243 sonantium
791 3209 942 3244 concursus.
955 3189 1018 3243 Vid.
1032 3192 1107 3262 Virg.
1121 3195 1181 3245 AEn.
1193 3193 1236 3258 11,
1250 3193 1431 3262 ²7³V12⁸⁸2

366 3286 416 3326 etc.
430 3273 487 3324 Nec
498 3271 609 3327 miretur
621 3269 760 3340 quisquam
775 3289 824 3322 nos
837 3289 918 3340 supra
931 3289 957 3322 v.
973 3289 1028 3338 229
1044 3271 1155 3323 Arcadia
1167 3291 1218 3344 pro
1231 3271 1356 3325 Arcadica
1367 3291 1428 3344 pro·

364 3353 480 3416 havisae,
496 3368 567 3402 nunc
584 3369 648 3402 vero
666 3349 752 3422 illyria
767 3368 816 3419 pro
832 3349 932 3420 Illyrica
947 3350 1019 3402 holle
1036 3348 1167 3404 adhiberi.
1183 3352 1293 3404 Arcadia
1311 3351 1383 3403 enim
1401 3352 1429 3402 in

364 3431 441 3484 Mss,
454 3431 565 3500 legitur,
577 3441 604 3482 et
616 3428 738 3482 Arcadias
754 3447 935 3500 sepenumero
951 3430 979 3482 iu
994 3430 1080 3500 poetis
1097 3443 1244 3502 usurpatur
1264 3428 1332 3492 (vid.
1349 3429 1429 3484 Orid.
1452 3426 1456 3435 '

366 3509 434 3564 Fast.
451 3512 479 3574 1,
497 3511 566 3572 46²3
583 3509 673 3562 Amor.
688 3509 745 3571 111,
763 3509 828 3578 eleg.
849 3511 883 3573 6,
897 3527 921 3561 v.
941 3509 983 3560 3ο.
1004 3509 1085 3562 Mart.
1101 3511 1157 3578 IX,
1177 3529 1238 3564 roa.
1259 3511 1381 3582 Propert.
1400 3511 1430 3574 l,

366 3591 430 3661 eleg.
444 3591 478 3642 18
486 3626 494 3652 ,
505 3607 529 3640 a.
545 3607 586 3640 ao.
599 3589 664 3640 Stat.
676 3587 762 3639 Theb.
774 3588 817 3651 ΙΙ,
831 3605 883 3658 70;
894 3588 965 3652 vn,
978 3585 1041 3657 39);
1055 3589 1140 3662 lltfrta
1151 3603 1244 3643 contra
1255 3590 1342 3643 necin
1354 3589 1429 3643 MSS.

279 3717 281 3721 .
366 3689 416 3722 nec
432 3671 459 3720 iu
474 3680 537 3720 vett.
551 3666 625 3720 editt.
641 3664 840 3738 deprehendas,
854 3679 880 3720 et
896 3668 994 3740 Illyrius
1005 3686 1137 3739 nusquam
1151 3671 1206 3722 sere
1218 3670 1322 3742 legitur.

407 3747 472 3816 395.
487 3747 589 3798 Manent
601 3747 715 3815 exempla.
730 3747 761 3798 In
776 3744 833 3798 MS.
850 3747 942 3811 8035,
959 3757 1061 3799 monent.

408 3827 473 3896 397.
489 3826 624 3894 Effer-atas.
639 3826 742 3878 Novem
757 3825 851 3877 Parias.
869 3837 896 3878 et
908 3825 985 3880 Fero.
1000 3826 1100 3879 isoard.
1118 3827 1214 3880 Philol.
1227 3826 1304 3881 editt.
1318 3830 1429 3896 dimita-

368 3919 421 3970 tas,
434 3907 599 3976 repugnante
610 3919 705 3958 metro.

405 3992 468 4048 loo.
487 3985 622 4057 Ilrgamqae
639 3996 730 4036 amata.
750 3985 782 4036 ln
799 3981 932 4037 sexdecim
950 3984 1026 4038 MSS.
1045 3987 1157 4049 nostris,
1180 3988 1248 4040 sicut
1266 4001 1292 4040 et
1311 3987 1337 4039 in
1356 3986 1430 4040 MSS.

366 4063 540 4129 commelini,
555 4063 583 4116 in
598 4064 737 4134 llerhipol.
755 4075 781 4116 et
797 4064 892 4116 Venet.
913 4065 1061 4130 Delrionis,
1080 4067 1108 4118 in
1124 4066 1202 4119 Fem.
1219 4065 1318 4120 Iscard.
1336 4067 1430 4119 Philol.

366 4147 473 4198 Asoens
487 4161 627 4215 gerensque,
646 4143 719 4214 quod
739 4143 829 4196 Delrio
846 4161 901 4195 non
921 4143 1093 4214 repudiabat,
1112 4147 1296 4218 repetitionem
1314 4145 1431 4218 ejusdem

365 4224 487 4280 vocabuli
504 4241 586 4294 gaura
605 4221 677 4276 hand
693 4224 829 4309 insuerent
846 4222 976 4294 judicans.
997 4227 1098 4279 Contra
1117 4226 1213 4280 tvans
1229 4227 1310 4280 Vian.
1325 4225 1430 4297 Gryph.
