3090 5142
381 546 424 592 xc
649 517 894 602 HISTORICA
916 515 973 584 ET
998 513 1177 584 CRlTlCll

378 660 411 708 et
425 637 647 728 intempestiva
664 637 860 724 caeteroquin
876 636 1068 724 loquacitate
1081 636 1258 724 corrumpi.
1287 637 1446 726 Capiente

378 747 531 838 poculum
556 745 718 830 Thyeste,
743 757 886 805 monstra
908 756 1063 829 apparent
1082 741 1255 824 minantia,
1279 766 1351 830 quae
1374 743 1446 830 ipse

376 854 481 920 verbis
499 845 688 929 adumbrat,
711 862 905 936 praepostera
927 845 1172 934 descriptione:
1198 846 1276 934 quid
1300 849 1387 912 enim
1407 871 1444 911 ea

377 959 545 1051 proficitur
552 954 656 1036 aliud,
670 976 768 1041 quam
781 968 819 1015 ut
830 949 1048 1033 audientium,
1058 951 1116 1038 qni
1129 952 1299 1040 agentibus
1314 971 1444 1018 tantum

376 1063 543 1131 attendere
561 1061 697 1124 omnino
715 1058 888 1140 deberent,
901 1057 965 1122 alio
982 1073 1213 1123 convertantur
1229 1059 1338 1122 animi.
1353 1058 1444 1142 Quid

375 1171 493 1236 audeat
510 1171 643 1248 Atreus,
663 1163 742 1255 quid
762 1164 901 1252 patiatur
920 1164 1094 1251 Thyestes,
1118 1164 1182 1228 hoc
1206 1187 1280 1228 vere
1306 1163 1443 1254 dignum

375 1276 465 1367 quod
481 1292 686 1362 stupeamus,
702 1270 766 1334 hoc
784 1267 970 1360 prodigium
987 1268 1109 1352 majus,
1127 1292 1225 1358 quam
1243 1293 1315 1358 quae
1328 1272 1443 1334 caelum

377 1401 435 1449 aut
449 1400 534 1446 term
547 1379 637 1468 signa
648 1375 837 1441 ostenderit.

419 1490 478 1552 Est
493 1503 602 1551 tamen
619 1483 653 1546 in
668 1481 819 1569 Thyestis
835 1479 983 1543 oratione
1001 1477 1091 1566 qnod
1109 1499 1176 1542 non
1192 1479 1355 1545 immerito
1371 1481 1442 1546 lau·

372 1595 478 1660 detur.
508 1593 598 1654 Inter
629 1585 818 1675 trepidantis
846 1599 998 1672 portenta
1021 1599 1165 1666 naturas,
1187 1586 1342 1650 exclamat
1367 1587 1440 1670 ille,

373 1700 451 1764 falsa
473 1694 619 1762 amicitie
642 1695 789 1756 iraternae
813 1689 919 1780 specie
947 1691 1054 1754 adhuc
1080 1689 1261 1780 deceptus:
1287 1693 1446 1782 qut‘dqns'd

372 1821 435 1886 est,
441 1802 560 1891 fratri,
573 1822 699 1887 precor,
713 1801 858 1886 natisque
865 1809 994 1886 porcat.
1007 1796 1110 1861 Fratri
1124 1813 1283 1886 precatur,
1296 1800 1352 1887 qui
1369 1822 1444 1862 suo-

372 1934 448 1975 rum
477 1909 507 1972 ei
533 1904 714 1970 bibendum
740 1903 931 1992 sanguinem
958 1902 1098 1991 proebet,
1122 1903 1270 1990 natisque
1299 1927 1441 1992 quorum

373 2037 469 2082 carne
483 2028 594 2101 pastus
610 2025 669 2075 est.

415 2121 478 2185 Vix
487 2118 644 2182 exhausto
655 2113 792 2203 poculo,
804 2111 840 2176 fit
851 2113 1135 2201 eer·tiorThyestes
1145 2113 1186 2178 de
1196 2115 1301 2180 fratris
1310 2115 1440 2180 scelere.

373 2229 455 2312 Quae
466 2224 567 2313 prima
577 2221 721 2286 eduntur
732 2218 829 2283 verba
839 2267 848 2300 ,
860 2219 935 2282 risis
948 2217 1148 2283 obtruncasse
1158 2219 1258 2307 prolis
1270 2221 1442 2308 capitibus,

370 2331 557 2398 felicissimae
587 2342 666 2390 sunt
696 2323 858 2388 brevitatis
883 2346 891 2388 :
922 2327 1071 2412 Agnosco
1090 2323 1245 2410 fratrem.
1274 2325 1337 2390 Sed
1368 2349 1441 2414 quar

369 2451 562 2527 sequuntur,
576 2429 736 2522 tragoediae
750 2453 853 2518 usque
865 2429 907 2494 ad
919 2429 1034 2510 linem,
1049 2430 1282 2496 declamatione
1296 2455 1440 2496 corrum-

370 2555 504 2636 puntur.
522 2539 678 2628 Thyestes
696 2536 872 2602 rhetoricas
888 2537 1009 2624 spargit
1028 2537 1221 2620 sententias,
1241 2561 1313 2625 quae
1332 2539 1366 2602 in
1384 2540 1440 2603 tali

371 2672 481 2716 rerum
489 2647 635 2728 articulo,
642 2659 794 2731 tantaque
801 2658 930 2731 peracta
939 2641 1036 2723 caede,
1044 2637 1263 2731 spectantibus
1275 2642 1441 2709 fastidium

370 2759 442 2838 jure
454 2766 615 2817 moveant.
625 2750 727 2812 Acuta
743 2747 860 2810 librare
873 2747 1028 2810 antitheta
1046 2765 1153 2830 vacat,
1171 2766 1203 2813 et
1220 2749 1351 2839 longam
1367 2773 1442 2814 ver·

373 2882 470 2927 suum
495 2857 610 2923 seriem
633 2853 845 2936 continuare,
873 2850 947 2916 rudi
973 2853 1138 2920 interdum
1163 2872 1196 2920 et
1221 2855 1311 2920 nullo
1337 2878 1441 2945 prope

372 2966 495 3048 judicio
509 2987 517 3030 τ

514 3197 668 3252 Volvuntur
681 3195 752 3248 intus
761 3195 875 3256 viscera,
886 3205 913 3246 et
924 3193 1045 3248 clausum
1056 3195 1130 3252 nefas

515 3290 577 3345 Sine
589 3285 661 3339 exitu
674 3283 801 3348 luctatur,
814 3295 841 3336 et
854 3283 947 3356 querit
961 3284 1040 3338 viam.

515 3381 554 3432 Da
564 3412 572 3439 ,
582 3374 672 3437 irater,
681 3389 787 3424 ensem:
803 3371 940 3442 sanguinis
951 3372 1065 3426 multum
1079 3373 1132 3426 mei

513 3465 601 3520 Habet
612 3462 671 3514 ille:
682 3460 752 3513 ferro
762 3459 851 3514 liberis
861 3459 956 3514 demus
967 3462 1069 3532 fugam.
1123 3527 1127 3534 Ι

514 3555 630 3624 Negatur
641 3547 728 3602 ensis?
739 3562 846 3620 pectora
859 3548 929 3600 illiso
942 3561 1039 3602 sonent

515 3643 635 3696 Contuss
643 3635 761 3710 planctu.
773 3637 895 3700 Sustine,
909 3637 1017 3698 infelix,
1031 3655 1152 3702 manum

513 3731 655 3784 Pareamus
667 3724 844 3778 umbris.Tale
856 3725 915 3798 quis
930 3723 996 3777 vidit
1011 3725 1102 3778 nefas?

513 3819 580 3884 Quis
593 3813 758 3887 inhospitalis
772 3813 884 3867 Caucasi
894 3833 986 3887 rupem
996 3832 1114 3884 asperam

514 3903 666 3958 llaniocbus
675 3901 814 3956 habitans?
823 3903 914 3974 quisse
927 3901 1060 3975 Cecropiis
1072 3915 1157 3956 metus

510 3989 602 4046 Terris
609 3989 777 4046 Procrustes?
787 3990 900 4044 Genitor
912 4009 946 4045 sn
959 4001 1037 4044 natos
1045 4007 1156 4062 premo,

516 4079 677 4150 Premorquc
687 4077 762 4130 natis.
