3168 5140
368 517 442 588 266
648 519 687 584 L.
711 517 899 588 nttttffit
927 517 1145 586 SENECAE

416 653 489 744 Ego
507 674 566 718 vos
585 674 723 744 sequor,
741 673 809 717 non
825 647 920 718 duco.
941 671 1049 718 enter.
1067 649 1233 742 Respiciet
1247 648 1330 720 deus

418 759 505 824 Bene
520 757 662 849 cogitata
678 781 686 822 :
702 777 803 849 perge
819 779 887 823 non
902 753 1002 822 dubio
1021 754 1135 848 gradu.
1390 789 1427 838 te·

420 931 671 1014 mneos,
697 930 981 1014 retusius,
1009 879 1359 1016 pnsmm'rs,

471 1105 743 1174 TANTALUS
770 1105 942 1174 FILIUS
958 1119 992 1172 et

472 1235 675 1296 renerus,
703 1233 866 1280 rnnrnn
1074 1178 1298 1238 mutepenona.

419 1409 498 1454 nrn.
516 1383 623 1480 Plagis
638 1399 769 1454 tenetur
787 1383 878 1454 cluse
896 1384 1060 1477 dispositis
1077 1383 1165 1452 fere:

419 1494 464 1560 Et
481 1493 604 1584 ipsum,
619 1503 652 1560 et
670 1514 735 1558 una
752 1491 881 1584 generis
897 1491 992 1561 invisi
1008 1487 1151 1558 indolem

368 1701 402 1754 tie
412 1719 419 1754 :
431 1701 561 1766 «Eumne,
572 1701 659 1772 inquit
666 1721 675 1768 ;
686 1699 731 1754 sed
742 1713 824 1754 tentor
834 1721 877 1754 me
920 1705 987 1754 trein
1006 1701 1105 1753 mulum
1119 1701 1195 1754 vultu
1210 1713 1237 1753 et
1254 1701 1347 1754 indole
1362 1701 1427 1756 reie-

367 1791 459 1834 coutre
477 1781 641 1834 voluntatem
658 1799 743 1834 meam
761 1793 788 1834 et
801 1780 877 1834 nobie
918 1777 1426 1852 rentem),intellexisserideuturquirl

368 1871 471 1913 tentum
487 1859 646 1914 instantibus
659 1860 692 1913 ud
707 1863 819 1913 Atreum
834 1878 877 1912 re·
918 1859 963 1912 hic
982 1858 1111 1930 significet
1129 1859 1247 1922 indolem,
1262 1859 1383 1922 dictum,
1399 1873 1426 1913 ut

369 1938 463 2004 diieee,
476 1940 528 1992 hoc
546 1952 629 1994 tentor
643 1939 761 2011 genitor,
780 1941 816 1994 ite
830 1951 877 2004 ut,
919 1937 1100 1992 milriridetur
1107 1957 1158 2010 pro
1166 1939 1269 1991 sobolem
1277 1953 1322 1992 eut
1328 1941 1425 2010 pmleer

369 2018 472 2091 siquid
490 2020 552 2072 muli
569 2020 646 2073 vobio
666 2018 807 2086 acciderit,
821 2038 876 2072 nou
920 2019 1016 2072 indoles
1030 2019 1118 2082 euim,
1134 2031 1165 2071 ut
1182 2019 1272 2070 soboles
1289 2030 1317 2072 et
1333 2020 1424 2089 proles,

369 2110 494 2170 urguetur
507 2112 581 2170 peter
599 2117 661 2152 enon
680 2099 708 2151 in
727 2100 877 2170 periculum
920 2098 1146 2161 oriturebolesco,
1158 2116 1265 2152 cresco:
1278 2097 1426 2152 nudeFest.

371 2190 470 2231 temere
484 2176 627 2231 induxisse.
639 2204 650 2225 ι
920 2179 967 2232 lib.
986 2178 1040 2243 IX,
1059 2177 1180 2241 «indoles,
1198 2179 1403 2230 incrementum.
1413 2203 1423 2223 ι

412 2261 476 2327 489.
487 2259 669 2326 eupolemo.
678 2256 797 2312 contidit
806 2259 878 2312 enirn
922 2256 963 2310 td.
980 2257 1027 2310 lib.
1048 2257 1131 2309 XVII
1148 2275 1156 2310 :
1175 2257 1304 2320 uSohplee
1323 2259 1356 2310 eb
1375 2258 1427 2311 ole-

371 2337 516 2390 Plietltenes
537 2355 590 2390 uon
610 2336 700 2391 ebione
720 2337 815 2404 deum,
830 2339 880 2409 qui
921 2335 1036 2402 scendo,
1049 2338 1067 2388 i.
1084 2354 1107 2388 e.
1122 2335 1281 2401 crescendo,
1297 2350 1327 2389 ut
1342 2335 1428 2390 odole-

370 2416 492 2486 Thyeste
513 2416 652 2488 premium
672 2417 777 2488 pietutie
797 2417 824 2469 in
846 2419 878 2470 li·
922 2429 1038 2479 scentes,
1052 2427 1078 2468 et
1094 2415 1204 2479 adulte,
1221 2427 1247 2468 et
1265 2416 1371 2478 indoles,
1389 2415 1428 2468 di-

371 2497 448 2549 beroe
461 2493 599 2566 rependet.
613 2494 697 2550 Pleut.
712 2497 739 2549 iu
753 2495 877 2550 Beoehid.
922 2495 999 2548 citur.
1013 2521 1024 2543 ι
1042 2495 1114 2547 Nou.
1129 2495 1245 2548 Marcell.
1261 2493 1296 2547 de
1313 2497 1427 2566 improp.

372 2589 423 2628 act.
439 2575 489 2639 IV,
505 2594 575 2628 soen.
596 2573 625 2636 3,
639 2593 665 2628 r.
680 2576 878 2629 atatim.
926 2602 937 2622 ι
955 2575 1062 2628 indolem
1095 2573 1297 2628 adolescentiam
1327 2587 1428 2628 tautum

370 2655 462 2724 Egone
475 2666 506 2707 nt
519 2673 598 2726 opem
614 2655 681 2708 milri
693 2655 774 2708 Ferre
784 2668 878 2727 putem
922 2653 1087 2708 cousuetudo
1106 2651 1279 2724 dicit,·queei
1300 2673 1369 2708 nore
1389 2673 1429 2707 so·

371 2752 448 2804 posee
469 2734 577 2805 inopem
599 2734 643 2786 te?
659 2734 784 2788 Pterocu.
809 2736 879 2788 Tnoe
923 2734 998 2788 bolen
1019 2753 1026 2786 :
1049 2732 1154 2786 iudolee
1175 2746 1266 2785 eutem
1287 2747 1327 2786 ent
1346 2735 1428 2786 incre-

372 2811 454 2866 modo
466 2829 473 2865 ε
487 2811 552 2866 deue
562 2813 685 2884 respiciet
695 2815 875 2884 noeeliqnie.·
923 2825 1053 2866 mentum.
1067 2837 1078 2860 ι
1099 2813 1138 2864 Ex
1158 2813 1200 2865 lrie
1219 2825 1323 2866 constet
1343 2813 1429 2864 indoles

413 2899 477 2962 491.
493 2893 579 2962 Plagis
596 2905 702 2962 tenetur,
723 2907 771 2946 etc.
788 2895 880 2946 Teneo
924 2892 993 2946 eiont
1013 2891 1103 2945 soboles
1123 2906 1150 2944 et
1172 2893 1253 2962 pmles
1272 2888 1306 2944 de
1327 2909 1430 2946 euocre·

373 2972 503 3026 irretitum
518 2974 625 3026 lintrem
637 2990 644 3024 :
660 2973 789 3034 Cnidillon,
806 2975 882 3026 Aere«
925 2972 1021 3026 soeutis
1033 2971 1122 3042 etirpie
1132 2971 1278 3042 propagine
1290 2973 1379 3041 primo
1390 2968 1430 3024 di·

371 3065 396 3102 et
413 3053 524 3123 Thyeste,
539 3065 590 3106 act.
604 3053 663 3116 111,
678 3070 748 3106 ecen.
763 3071 774 3104 ι
789 3070 796 3104 :
924 3063 1013 3116 ctum,
1024 3063 1050 3104 et
1061 3051 1181 3120 quemvis
1192 3069 1242 3102 vox
1255 3049 1298 3102 iile
1310 3051 1338 3102 in
1350 3051 1429 3104 ulium

373 3147 446 3194 Rufio,
459 3161 525 3200 greeee
536 3161 572 3186 eur
583 3147 680 3198 domja
692 3148 741 3186 tiene
750 3161 774 3186 eu
787 3161 817 3186 un
828 3149 881 3201 puin·
924 3149 1029 3184 sensum
1046 3130 1199 3194 deflexerit,
1218 3147 1274 3181 eam
1295 3141 1383 3184 limen
1399 3129 1430 3182 td

925 3210 1430 3282 priscumusumrevooerepotuitpoete.

373 3290 569 3343 Leperfideenueuti
579 3304 618 3342 que
629 3291 757 3342 ponreuiture
767 3303 880 3341 eengeeuee.
925 3290 980 3342 Nec
996 3289 1121 3360 exemplis
1135 3307 1256 3342 mmmm
1269 3307 1328 3362 qua
1342 3307 1430 3342 vm

415 3377 479 3438 49².
497 3369 597 3423 Generis
615 3375 685 3422 invisi
701 3369 810 3422 indolem.
826 3369 881 3422 No·
925 3369 1016 3422 indoles
1028 3371 1065 3422 eio
1079 3387 1093 3418 e
1108 3369 1206 3420 Noetro
1219 3382 1371 3440 uturpetem
1387 3387 1431 3440 ep-

373 3450 492 3502 vieeimne
513 3451 643 3521 interpres
665 3451 739 3502 Levde
752 3471 761 3502 :
777 3450 843 3513 Oui,
854 3451 881 3517 je
924 3449 1049 3520 probent.
1067 3445 1214 3512 Quomodo
1230 3449 1342 3519 recipies
1361 3449 1432 3500 lruuo

373 3547 493 3599 teneorque
503 3549 533 3582 nr
544 3529 589 3592 lui,
601 3529 693 3582 eidone
702 3532 811 3600 certequi
821 3527 881 3580 I’oc·
925 3529 1067 3599 Hippolyti
1085 3528 1191 3593 locum,
1212 3530 1284 3592 868,
1304 3553 1315 3576 ι
1329 3529 1380 3580 Per
1395 3527 1432 3579 tui

373 3621 537 3678 comagenem,
550 3629 576 3660 ce
587 3609 682 3660 nointel
691 3629 736 3682 qne
742 3611 770 3678 je
779 3609 881 3669 δεκαετῆ·
924 3619 1058 3678 sceptrum
1066 3607 1180 3678 imperii,
1187 3607 1432 3678 Magnamiue'l'he·

372 3704 450 3756 quam
464 3689 659 3742 translationem
671 3689 760 3742 ieleent
772 3687 880 3740 omuino
925 3705 980 3750 eeu,
988 3705 1088 3758 perque
1097 3699 1222 3740 natorum
1230 3687 1341 3749 indolem,
1349 3687 1432 3738 Tuos·

373 3766 547 3831 arbitramur,
566 3781 594 3820 ut
615 3769 702 3821 latinis
723 3768 809 3821 verbio
831 3767 880 3819 mi·
924 3785 976 3837 que
991 3765 1105 3830 reditun,
1119 3777 1173 3820 etc.
1183 3793 1194 3814 ι
1206 3803 1214 3829 ,
1225 3767 1247 3820 ei
1261 3766 1363 3818 indolem
1379 3778 1435 3816 nou

270 3873 275 3888 ·
374 3846 447 3897 nime
460 3845 692 3900 accommodatum.
705 3847 802 3901 Melius
815 3845 880 3900 Con·
924 3857 1039 3916 ponetur
1052 3865 1102 3917 pro
1113 3846 1233 3907 sobolem,
1249 3844 1295 3897 ned
1312 3847 1431 3897 usitatam

371 3929 404 3992 pe'
413 3944 422 3976 .·
436 3925 470 3975 Le
480 3926 562 3989 coilo,
578 3927 613 3978 lui
623 3939 646 3976 et
656 3947 700 3978 son
711 3929 804 3980 orlneroe
816 3946 880 3986 κω·
924 3925 1141 3996 significationem
1151 3925 1280 3978 retinent?
1288 3925 1358 3978 Note
1367 3943 1432 3994 pre·

374 4002 419 4056 sed
431 4004 523 4056 leuiori
534 4005 759 4077 interpretatione.
771 4006 827 4058 Nec
838 4007 879 4057 in·
925 4005 1015 4056 sertim
1027 4005 1162 4076 nequentie
1172 4005 1281 4058 Hercul.
1291 4003 1354 4057 OEt.
1367 4002 1432 4072 903,

374 4081 880 4156 terpreteenecannotatoree(inquibns
924 4083 958 4136 de
978 4085 1115 4138 Hercule:
1141 4083 1212 4136 tllic
1232 4085 1288 4153 ipse
1311 4084 1434 4153 Megeren

375 4163 531 4227 Fornabiun,
543 4164 589 4236 qui
602 4164 713 4236 explicat
731 4165 822 4217 «lilios
834 4184 878 4234 pe·
925 4183 1019 4235 nempe
1035 4164 1163 4218 conlixarn
1178 4165 1232 4216 nnis
1245 4163 1342 4215 Stravit
1357 4161 1433 4232 negit-
