3172 5138
365 508 438 596 348
707 515 762 582 IN
788 510 1070 582 THYESTEM

362 658 460 711 porum
469 659 533 694 esse.
545 642 667 714 Denique
681 645 867 714 superveniens
877 643 1029 698 Gronovius
1042 657 1133 694 omnes
1145 639 1258 705 refellit,
1269 641 1415 714 quicunque

363 718 484 773 additum
498 739 604 774 versum
618 738 788 792 respuerant,
801 743 849 777 nee
861 723 959 777 oodicis
974 719 1121 774 Florentini
1134 731 1236 772 tentum
1249 721 1415 786 anctoritate,

364 797 409 852 ted
423 801 599 871 argumentis3
611 801 724 866 scilieet,
737 816 810 857 «toto
823 804 851 855 in
864 804 947 857 choro
961 801 1004 871 agi
1018 799 1052 853 de
1064 799 1224 864 nobiliore,
1236 817 1295 870 qum
1308 811 1415 854 metuet

364 896 410 949 spe
421 879 508 932 mixtis
519 892 673 952 torquetur;
686 882 724 934 sio
735 880 832 936 dixisse
840 883 962 954 superius
973 881 1097 943 Pomm,
1107 896 1196 950 regern
1207 887 1263 930 ess'e
1273 880 1320 950 qui
1329 881 1416 952 posuit

365 970 450 1011 metus
462 971 488 1012 et
503 960 611 1013 morbos
625 962 755 1031 pectoris,
770 961 840 1015 inter
852 981 918 1033 quos
932 958 1004 1014 haud
1018 957 1101 1011 dubie
1112 956 1285 1030 cupiditates:
1300 975 1351 1011 nee
1363 977 1414 1012 esse

365 1038 553 1106 receuoium,
569 1039 591 1092 si
605 1039 709 1111 legatur
720 1043 808 1112 cupiet,
824 1042 875 1112 legi
890 1053 917 1094 et
933 1051 1034 1100 metuet5
1049 1038 1118 1091 bano
1133 1038 1204 1089 enim
1217 1038 1345 1108 temporis
1357 1057 1414 1092 mu·

363 1116 489 1170 utionem
503 1119 624 1172 usitatam
641 1135 696 1173 esse
712 1120 798 1190 poetis
810 1146 834 1174 ι.
846 1119 976 1174 Gronovii
993 1117 1100 1189 opinio,
1112 1116 1158 1169 oui
1172 1117 1250 1187 plane
1267 1128 1295 1169 et
1307 1117 1414 1170 omnino

363 1193 552 1266 suffragamur,
565 1196 669 1252 dnobus
682 1199 775 1253 Puriss.
788 1199 864 1254 MSS.
876 1199 1062 1260 eonfirmstur‚
1076 1198 1151 1264 8029
1167 1208 1194 1249 et
1208 1195 1295 1259 8034.

405 1275 468 1343 396.
482 1276 563 1329 Nullis
579 1290 637 1330 nota
650 1278 792 1348 Quiritibus.
805 1277 977 1332 Mmklsndus
993 1275 1027 1330 sd
1039 1276 1104 1329 Stet.
1119 1276 1176 1337 111,
1189 1275 1255 1328 Sils.
1271 1275 1305 1337 5,
1317 1295 1343 1328 v.
1360 1277 1411 1337 88,

363 1353 470 1408 volebat
480 1355 531 1426 legi
544 1357 616 1408 nullis
630 1371 732 1429 notaque
745 1358 840 1422 litibus,
855 1376 933 1428 quem
942 1356 1082 1410 lectionem
1093 1352 1200 1408 laudere
1213 1352 1321 1407 ridetur
1333 1353 1414 1406 Bede-

363 1432 423 1484 nius
436 1449 442 1485 :
454 1433 501 1488 sed
514 1453 604 1488 nonne
618 1438 714 1490 rectius
727 1449 766 1490 est
779 1437 826 1491 hio
840 1437 937 1492 vitium
950 1436 1056 1508 agnosci
1067 1434 1172 1488 Seneeoe
1188 1434 1414 1487 consuetissimum

363 1506 428 1572 (vid.
446 1531 504 1584 quas
518 1527 607 1568 notas.
619 1537 646 1588 p.
666 1507 749 1586 2⁵3),
761 1535 842 1588 quam
854 1517 926 1570 nulls
937 1515 1072 1585 ,librorum
1087 1513 1241 1566 auctoritate
1255 1513 1413 1566 locutionem

363 1589 407 1644 vix
420 1591 527 1646 lstinum
541 1593 698 1650 admittere?
711 1615 772 1649 nam
785 1617 829 1670 qus
839 1597 924 1649 multo
935 1595 1029 1648 melius
1042 1606 1101 1666 post
1111 1593 1184 1645 nullis
1196 1609 1276 1663 quem
1288 1605 1348 1664 post
1359 1604 1413 1645 nota

363 1669 515 1726 collocetur.

403 1754 469 1812 bor.
483 1753 525 1807 Illi
536 1773 606 1817 mors,
622 1765 671 1808 ete.
686 1756 783 1808 Decem
795 1753 890 1808 Puriss.
903 1754 963 1806 nulli
976 1772 1046 1806 mors.

406 1833 468 1885 lob.
487 1833 595 1886 Fortun.
608 1832 694 1888 Codd.
710 1835 784 1904 639⁵
798 1844 825 1886 et
836 1835 921 1899 8026,
933 1844 1018 1888 tectum
1029 1851 1039 1884 .·
1050 1831 1087 1885 sic
1098 1847 1207 1901 quoque
1216 1829 1327 1900 llnplrel.
1338 1831 1411 1882 notu

360 1905 504 1977 legendum
518 1914 675 1983 pronuntiat
692 1925 802 1978 tractum,
817 1913 879 1984 quin
895 1924 972 1964 taetris
985 1929 1040 1962 non
1052 1913 1117 1962 cerni
1133 1922 1227 1979 potest.
1241 1909 1336 1961 Fateor
1351 1909 1412 1961 mibi

361 1985 469 2042 sordere
480 2003 566 2044 tactum
578 2011 647 2042 remo
657 2012 667 2044 .·
678 1991 723 2045 sed
734 1992 854 2046 existimo
865 2010 920 2045 non
931 1993 966 2044 ita
977 1989 1070 2042 melius
1079 1988 1159 2042 scribi
1170 2007 1240 2040 cerno
1251 2001 1352 2040 tractum
1362 1990 1412 2040 soli

362 2065 474 2122 Relineo
489 2069 570 2140 igitur
582 2072 722 2142 vulgatam.

404 2150 468 2219 409.
482 2149 585 2203 Nobilis.
601 2151 678 2204 Unus
692 2151 764 2203 Delr.
777 2149 837 2203 cod.
853 2149 964 2202 nobilem.

408 2229 474 2292 413.
486 2228 614 2302 Saltusque
626 2230 717 2282 densos.
732 2231 865 2300 Egvianus
879 2231 950 2283 Delr.
965 2229 1084 2300 saltusque
1091 2245 1193 2298 pressos.

404 2307 469 2373 415.
487 2309 562 2377 Quod
572 2310 659 2362 oeulos.
674 2309 881 2376 Qnstnordeeim
894 2309 987 2362 Pariss.
1002 2321 1028 2360 et
1041 2305 1102 2360 edd.
1118 2307 1197 2360 Fern.
1212 2304 1315 2358 lsoard.
1330 2305 1413 2375 AEgid.

363 2388 469 2442 Asoerm
489 2387 593 2458 Grypb.
614 2390 685 2441 Petr.
707 2386 752 2450 (sd
768 2381 879 2458 msrg.),
898 2392 940 2460 qui
957 2389 1045 2440 oculos.
1064 2385 1169 2456 Septem
1188 2403 1294 2456 ipsoque
1310 2386 1414 2438 Gruteri

363 2467 438 2521 Mss,
450 2465 611 2521 damnabant
621 2467 693 2540 quod,
706 2473 784 2539 etqui
792 2467 916 2521 volebant
928 2467 1058 2520 substitui.
1070 2465 1175 2518 Frustra
1188 2483 1195 2518 :
1208 2483 1270 2518 nrm
1282 2465 1349 2518 nibil
1358 2466 1413 2518 lati·

363 2547 423 2599 nius
434 2546 482 2600 hec
493 2547 626 2600 locutione
639 2565 646 2599 :
657 2548 714 2600 Non
728 2560 765 2598 est
779 2548 844 2620 quod
853 2549 931 2600 clarus
946 2549 983 2598 liic
995 2549 1064 2617 regni
1076 2548 1140 2597 nitor
1148 2545 1248 2615 fulgore
1255 2545 1324 2611 salso
1337 2547 1413 2597 nuos

327 2654 328 2659 =
363 2628 465 2693 auferat.

403 2708 468 2770 416.
486 2705 565 2775 Quum
578 2705 642 2778 quod
651 2706 732 2770 datur,
745 2719 795 2760 etc.
808 2707 887 2759 Fern.
899 2693 1101 2776 IsoardfAEgid.
1113 2704 1256 2758 ineenset
1268 2703 1373 2774 Gryph.
1381 2701 1413 2756 sd

362 2801 443 2855 marg,
454 2803 515 2838 cum
527 2796 587 2840 ooto
600 2787 694 2840 Periss.
708 2807 760 2838 cum
775 2807 822 2859 quo
832 2786 906 2837 datur
915 2784 1048 2856 spectabilis
1055 2805 1065 2848 ‚·
1076 2781 1148 2854 quod
1163 2801 1220 2836 non
1234 2783 1297 2835 lerri
1311 2795 1413 2854 potest,

361 2864 417 2916 sire
427 2865 556 2934 intelliges
570 2885 621 2918 eron
637 2885 683 2938 quo
694 2867 795 2930 bomine,
812 2878 842 2919 ut
854 2863 973 2936 pleoebst
987 2861 1167 2928 Bernsrdino,
1177 2862 1232 2916 sive
1245 2882 1299 2914 cum
1310 2863 1413 2934 quoful-

359 2962 426 3012 gere,
438 2957 467 2997 ut
477 2944 568 2998 maluit
576 2945 722 2998 Ascensins.
734 2947 832 2998 Decem
841 2945 934 2998 Puriss.
947 2957 973 2996 et
983 2943 1079 2996 Philol.
1090 2961 1141 2994 curs
1151 2961 1197 3012 quo
1206 2942 1280 2993 datur
1289 2941 1411 3011 spectabis,

361 3022 433 3092 quod
444 3041 518 3096 teque
526 3043 635 3094 pravum
646 3043 725 3076 nemo
735 3044 790 3077 non
799 3023 897 3078 videat.
909 3025 989 3093 Quum
999 3023 1059 3094 quid
1067 3023 1141 3073 datur
1147 3021 1271 3091 spectabis,
1285 3022 1313 3072 in
1323 3023 1413 3074 Arant.

361 3103 440 3156 Vian.
454 3101 556 3174 Gryph.
572 3104 642 3156 Petr.
659 3102 761 3157 Febris.
774 3103 885 3174 llsphel.
900 3103 1029 3156 Commel.
1043 3101 1116 3153 Delr.
1132 3101 1209 3154 Grut.
1226 3100 1319 3152 lleins.
1333 3099 1413 3152 Senis.

316 3215 325 3228 -
361 3181 439 3236 Farn.
452 3183 535 3253 Tbys.
549 3180 601 3235 Sed
617 3183 707 3236 Delrio
719 3184 820 3236 notavit
833 3201 888 3236 esse
901 3181 929 3234 in
943 3183 1002 3235 Eib.
1017 3182 1138 3252 llloqunt.
1154 3180 1265 3251 Herbip.
1283 3192 1309 3231 et
1320 3180 1416 3231 Venet.

360 3281 429 3332 quum
440 3263 505 3335 quod
512 3263 585 3315 datur
594 3261 718 3334 spectabis.
735 3263 810 3316 Hanc
821 3262 979 3324 lectionem,
994 3261 1021 3313 in
1035 3260 1189 3313 Florentino
1204 3276 1312 3331 qnoque
1323 3256 1414 3329 depre-

360 3341 484 3408 hensam,
499 3342 611 3414 erripuit
621 3342 777 3396 Gronovius
788 3361 795 3395 :
807 3360 886 3408 nam,
899 3354 930 3394 ut
944 3341 995 3406 sit,
1007 3341 1066 3412 quid
1074 3341 1145 3392 detur
1157 3337 1300 3392 dioendum
1313 3339 1415 3402 luisset,

360 3420 432 3490 quod
449 3423 491 3476 lex
510 3421 586 3476 metri
606 3421 716 3491 respuit.
735 3427 774 3468 ὲ-
792 3423 829 3474 Et
846 3421 941 3474 dantm
961 3423 1046 3491 aspice,
1067 3419 1143 3472 MSS.
1161 3419 1239 3472 multi
1259 3437 1319 3472 eum
1339 3417 1414 3470 Fern.

359 3500 459 3554 Isosrd.
477 3499 563 3572 AEqid.
574 3500 672 3554 Philol.
686 3503 791 3556 Asoeru.
809 3503 913 3566 tundam,
929 3499 1068 3552 manifesto
1082 3517 1181 3552 errore.

402 3585 466 3648 619.
481 3581 573 3634 Haeret.
586 3580 654 3635 cod.
670 3581 758 3652 6377,
772 3582 859 3632 bonet.

401 3663 463 3720 bns.
480 3659 555 3731 Seque
568 3665 591 3712 in
603 3665 699 3713 incerto.
713 3658 798 3731 AEgid.
810 3681 834 3712 se
845 3679 935 3734 quoque
946 3662 1043 3710 inserto.

402 3738 466 3799 425.
480 3741 520 3790 Ac
532 3743 620 3792 mentis.
636 3741 706 3793 Petr.
724 3739 756 3792 ud
769 3758 850 3810 marg.
865 3739 966 3792 Febris.
981 3736 1091 3808 llsplrel.
1103 3736 1175 3788 Delr.
1191 3753 1225 3786 an
1239 3738 1331 3797 metuis,
1348 3745 1379 3787 ut
1391 3745 1416 3787 et

359 3814 452 3868 Pariss.
468 3818 543 3871 8055
558 3832 585 3872 et
596 3821 680 3873 8261.
694 3819 820 3874 Commel.
834 3831 926 3872 eontru
936 3836 968 3870 ex
979 3815 1140 3870 membranis
1152 3812 1205 3868 suis
1214 3813 1324 3884 jubebat
1337 3813 1415 3867 scribi

357 3913 387 3944 uc
404 3900 500 3959 maturi,
522 3910 548 3949 et
568 3897 646 3952 Grut.
663 3899 715 3953 boc
730 3917 838 3970 quoque
855 3899 883 3950 in
902 3896 979 3950 MSS.
996 3895 1121 3948 omnibus
1140 3893 1255 3947 inveniri
1274 3895 1415 3957 mouebat3

359 3974 472 4028 malebat
487 3987 574 4028 temen
589 3990 617 4027 ut
626 3983 720 4042 metuis,
732 3979 832 4032 sublstr
848 3975 1060 4046 interrogationis
1072 3987 1145 4027 nota.

399 4057 463 4117 428.
475 4055 584 4125 Resteste.
601 4055 789 4130 Duodeviginti
802 4057 896 4110 Puriss.
910 4068 936 4108 et
948 4067 1012 4108 vett.
1027 4051 1101 4107 editt.
1119 4053 1197 4106 Fern.
1215 4049 1303 4122 AEgid.
1316 4049 1413 4102 Philol.

356 4133 461 4186 Asoeun
476 4134 571 4188 svart.
581 4135 660 4188 Viun.
672 4136 777 4208 Grypb.
792 4137 862 4190 Petu.
877 4135 980 4188 Fubrio.
994 4134 1123 4188 Commel.
1137 4132 1241 4203 deflecte.
1254 4128 1366 4200 Rapbel.
1381 4147 1414 4180 er

358 4210 432 4265 MSS.
445 4215 535 4284 reflecte
548 4213 696 4278 substituit,
711 4214 782 4286 quod
798 4216 978 4288 probaverunt
989 4214 1061 4268 Delr.
1075 4212 1184 4268 Gruter.
1197 4210 1287 4264 lleins.
1300 4207 1413 4262 Scriver.
