3118 5138
355 508 405 578 IN
430 509 703 578 TRAGOEDIIS
728 509 926 579 SENECAE.
1096 514 1173 607 cxxj

151 640 193 703 11.
213 637 416 726 Sapphioum
430 639 609 726 integrum,
619 637 756 726 pedibus
766 654 893 702 constat
904 640 1178 724 certis,trochaeo,

108 745 267 826 molosso,
291 759 474 832 anapaesto,
496 759 529 807 et
542 743 784 832 amphibrachy,
802 744 852 807 vel
866 744 1027 826 baccheo,
1045 763 1179 834 propter

109 851 264 939 syllabam
281 850 431 914 ultimam
446 873 666 914 communem.
684 850 790 914 Habet
805 850 923 914 usitate
937 873 1091 915 caesuram
1106 870 1182 941 post

28 989 29 1004 π
110 960 247 1022 alterum
266 956 401 1045 pedem,
425 980 523 1045 quam
535 958 690 1046 Tragicos
710 979 836 1045 semper
851 958 1014 1039 observat,
1033 959 1178 1023 Catullus
1208 1003 1213 1014 -

112 1085 178 1127 non
195 1061 374 1128 admodum
397 1069 560 1143 accurate,
576 1063 729 1126 Horatius
746 1063 944 1144 accuratius,
965 1073 1178 1152 praeterquam

113 1170 144 1232 in
163 1169 243 1234 locis
256 1168 387 1257 paucis,
405 1183 437 1232 et
453 1168 546 1232 initio
565 1168 772 1250 Carminum,
792 1167 876 1232 libro
890 1168 924 1252 I,
940 1167 993 1233 od.
1013 1192 1069 1252 ro,

233 1301 352 1356 Mercuri
363 1301 490 1365 facunde,
505 1319 588 1373 nepos
600 1301 721 1356 Atlantis.
787 1349 790 1354 Α

114 1441 183 1506 Oda
202 1465 251 1522 rr,

234 1567 324 1633 Quem
337 1566 442 1626 vimm,
456 1577 501 1620 aut
514 1567 610 1632 heroa,
618 1565 675 1640 lyra
690 1543 731 1620 iel
744 1567 809 1620 acri.

155 1701 193 1764 ln
210 1697 273 1763 oda
289 1697 330 1762 de
352 1696 494 1761 Pindaro
514 1697 617 1761 utitur
632 1696 804 1781 undecies,
827 1700 860 1762 in
882 1700 1030 1763 Carmine
1046 1701 1179 1764 seculari

115 1829 179 1868 uno
196 1806 304 1868 minus
319 1803 474 1892 vigesies,
490 1802 565 1866 alias
583 1825 650 1866 non
668 1803 816 1868 nimium.

155 1911 193 1974 ln
211 1911 276 1974 hoc
294 1931 413 1997 genere
437 1910 576 1997 graviter
597 1907 721 1972 cadunt
742 1931 870 1989 versus,
897 1909 954 1998 qui
974 1908 1127 1973 desinunt
1144 1911 1179 1973 in

117 2015 287 2080 dictionem
305 2013 591 2102 quadrisyllabam3
607 2029 661 2095 ut,

231 2153 292 2207 lam
306 2151 365 2204 silet
378 2169 501 2204 murmur
513 2166 592 2221 grate
602 2148 782 2215 classicorum,

157 2235 411 2365 Nonnumquam
435 2289 570 2363 propter
593 2296 747 2337 caesuram
766 2272 884 2361 syllaba
908 2290 1054 2361 correpta
1071 2287 1179 2337 exten·
1240 2294 1245 2303 ·

120 2381 209 2466 ditur,
219 2383 318 2472 idque
335 2381 436 2448 semel
448 2395 575 2444 tantum
590 2377 677 2468 apud
692 2379 881 2462 Horatium,
894 2377 951 2443 sed
964 2381 1079 2470 saepius
1088 2378 1176 2468 apud

24 2565 26 2584 .
118 2487 199 2552 hunc
214 2489 392 2577 tragicum;
407 2501 445 2552 ut
463 2485 497 2547 in
515 2482 660 2565 Troade,

230 2617 264 2670 Et
275 2617 317 2672 vir
330 2629 358 2670 et
372 2615 475 2688 Pyrrha
490 2631 562 2666 mare
576 2631 659 2685 quum
672 2611 800 2666 viderent.

121 2749 154 2810 ln
173 2747 304 2829 Medea,

230 2865 305 2922 Uxor
318 2864 450 2938 impendit
462 2863 576 2917 animam
591 2863 697 2916 marito.
731 2849 736 2856 ’

159 2985 210 3049 Est
225 3004 336 3052 autem
352 2986 420 3050 veri
437 3001 469 3050 et
485 2984 602 3074 integri
618 2983 768 3071 Sapphici
783 2983 972 3047 constitutio
986 2982 1159 3064 ejusmodi,

248 3142 263 3156 .
280 3137 301 3173 0
342 3141 359 3156 .
378 3140 394 3156 .
423 3139 439 3155 .
473 3140 494 3177 0
517 3137 538 3174 ο
568 3140 584 3154 .
597 3135 617 3171 0
662 3139 678 3152 .
714 3139 728 3153 .

231 3193 309 3246 Disce
324 3193 457 3245 somonam
471 3193 540 3246 bene
553 3192 621 3245 ferre
635 3207 767 3261 magnam.

160 3327 310 3393 Constant
329 3329 428 3393 Chori
449 3329 565 3418 integri
589 3351 606 3390 e
626 3325 785 3414 sapphicis
803 3324 891 3412 apud
908 3341 1057 3388 nostrum
1075 3319 1174 3416 tragi-

123 3453 198 3494 cum.
220 3434 470 3498 Obserravimus
494 3435 527 3496 in
550 3431 704 3520 sapphico
735 3428 832 3517 pedes
860 3429 1043 3518 illegitimos
1066 3431 1175 3519 plures

123 3557 210 3622 quam
223 3541 256 3603 in
275 3541 363 3620 aliis,
383 3561 505 3626 eosque
518 3539 552 3602 in
568 3537 699 3602 sedibus
715 3535 887 3619 omnibus,
904 3537 1017 3601 ultima
1031 3553 1175 3602 tantum·

123 3641 211 3707 modo
226 3662 376 3733 excepta3
397 3661 436 3708 ut
459 3646 494 3707 in
517 3644 620 3731 prima
644 3641 738 3722 sede,
756 3641 920 3729 spondeus
939 3664 999 3728 pro
1015 3643 1175 3710 trochaeo:

122 3747 203 3832 quod
215 3752 287 3838 quia
300 3750 401 3815 semel
417 3750 555 3831 factum,
567 3750 671 3837 legem
685 3769 752 3811 non
764 3748 850 3810 l'acit.
862 3746 900 3811 In
913 3748 1175 3836 Agamemnone,

232 3875 304 3929 Solus
317 3887 487 3946 contemptor
499 3875 597 3928 levium
612 3874 733 3926 deorum.

164 3991 196 4054 ln
211 3995 304 4060 altera
320 3976 397 4060 sede
414 4017 474 4083 pro
487 3995 651 4074 molosso,
666 3992 831 4056 interdum
844 3993 982 4058 creticus
992 3993 1179 4072 collocatur,

24 4099 25 4170 ᾗ
118 4093 274 4165 interdum
298 4101 530 4166 choriambus:
551 4099 592 4165 de
612 4099 730 4164 cretico
754 4114 897 4180 constat,
923 4098 963 4164 de
990 4097 1181 4162 choriambo

24 4233 26 4272 ι

220 4213 247 4277 I.
268 4229 415 4292 Senecpara
426 4223 503 4271 tertia.
1044 4202 1068 4270 lt
