3240 5138
388 495 433 566 82
671 497 708 564 L.
737 493 913 564 ANNAEI
942 493 1158 565 SENECAE

435 629 508 696 Nec
528 627 575 694 ire
596 624 690 696 labor
711 642 780 713 est;
798 628 869 721 ipsa
891 626 1024 697 deducit
1044 628 1121 695 via:
1404 657 1446 710 ⁶⁷⁵

436 735 484 802 Ut
499 755 585 826 saepe
599 757 727 828 puppes
742 747 838 801 aestus
852 734 971 802 invitas
986 734 1090 826 rapit,

437 841 491 908 Sic
505 863 630 932 pronus
645 863 701 907 aer
716 853 811 934 urget
825 839 1072 933 atqueavidum
1091 839 1207 915 chaos,

436 943 757 1038 Gradumque·retr0
772 945 905 1014 flectere
921 945 1011 1012 haud
1029 969 1174 1038 unquam
1191 947 1300 1012 sinunt

434 1049 570 1118 Umbrae
588 1063 728 1118 tenaces.
745 1052 841 1118 Intus
856 1051 1006 1118 immensi
1022 1050 1110 1118 sinus

428 1154 566 1224 'Placido
580 1157 691 1250 quieta
705 1154 827 1223 labitur
841 1156 947 1223 Lethe
961 1156 1065 1242 vado,

432 1263 609 1353 Demitque
623 1283 720 1329 curas
737 1287 744 1328 :
760 1285 844 1330 neve
859 1261 1024 1330 remeandi
1041 1259 1181 1355 arnplius

431 1369 546 1436 Pateat
561 1365 717 1450 facultas,
734 1366 870 1434 flexibus
888 1366 999 1435 multis
1014 1391 1147 1460 gravem

431 1470 577 1540 involvit
593 1495 733 1541 amnem.
750 1471 865 1561 Qualis
881 1475 1007 1542 incerta
1021 1495 1126 1567 vagus

378 1685 465 1745 κιιὸι,
487 1685 554 1742 leri<
570 1678 599 1734 di
620 1683 737 1753 ἅπιιριι,
757 1702 815 1754 que
835 1685 887 1738 luit
929 1703 1010 1754 quern
1025 1682 1177 1736 fabulantur
1191 1681 1276 1736 filium
1292 1701 1347 1736 esse
1359 1683 1442 1736 Phle-

376 1762 469 1834 opinio
482 1761 669 1816 Stoicorum·
822 1805 823 1810 ,
929 1763 1071 1833 gethontis.

418 1841 483 1911 675.
495 1841 548 1894 Nec
558 1845 592 1892 ire
602 1839 671 1892 tabor
680 1853 722 1893 est.
736 1841 813 1911 Virg.
824 1843 885 1894 AEn.
971 1843 1036 1895 681.
1049 1843 1174 1914 Demitque
1185 1861 1261 1893 curas.
1277 1841 1443 1894 Dicebantur

376 1921 431 1986 vt,
445 1923 495 1972 126
509 1938 515 1972 :
531 1946 541 1966 ι
554 1919 647 1972 Facilis
657 1917 797 1972 descensus
806 1923 887 1973 Aver-
930 1921 1016 1986 enirn,
1031 1920 1076 1992 qui
1087 1919 1120 1972 ad
1132 1941 1221 1973 menes
1238 1919 1443 1984 descenderant,

374 2000 419 2064 ni;
434 2001 529 2052 Noctes
541 2012 617 2070 atque
631 1998 688 2052 dies
700 2011 772 2070 putet
783 1999 833 2050 atii
846 2001 887 2070 ja·
929 2001 1123 2070 preteritarum
1132 2019 1224 2052 rerum
1233 2018 1295 2052 carm
1305 2001 1379 2070 aquis
1387 2001 1440 2052 Lc-

375 2098 427 2132 uua
442 2079 545 2131 Ditis.»
930 2080 988 2132 thes
1001 2079 1163 2132 oblivionem
1172 2079 1293 2130 haurire:
1306 2077 1378 2131 unde
1391 2097 1442 2131 no-

416 2163 482 2229 677.
499 2158 593 2208 Ριιιιιιιι
612 2177 662 2210 aer.
680 2155 808 2210 Occultus
827 2155 886 2233 qui·
930 2177 991 2211 men
1008 2159 1087 2211 fluvio
1110 2177 1141 2211 ex
1156 2161 1237 2220 tata,
1254 2159 1347 2210 oblivio.
1364 2159 1440 2228 Virg.

373 2236 436 2290 dam
460 2249 574 2300 ventus,
593 2250 624 2288 ut
642 2249 679 2289 art
701 2235 821 2308 lipsius,
841 2250 886 2290 aut
929 2235 1440 2307 AEneid.Vl,:7retlethae1adflu·

375 2317 481 2389 potius‚
497 2315 608 2368 ntmihi
624 2314 732 2368 videtur
740 2313 886 2386 ,quedam
929 2317 1009 2370 ruinis
1040 2315 1139 2368 undam
1167 2315 1278 2368 Securos
1303 2316 1392 2368 latices
1413 2327 1440 2368 et

375 2397 433 2449 caeli
449 2396 586 2466 temperies
602 2405 628 2447 et
644 2395 738 2448 arctina
752 2393 791 2446 vis
807 2389 887 2449 aethe·
928 2397 1007 2468 longa
1035 2393 1133 2450 oblivia
1153 2407 1283 2471 potant.
1272 2394 1385 2448 ovid.
1405 2394 1442 2448 de

373 2476 412 2528 ris
420 2494 502 2546 ‚quae
515 2474 665 2526 mortales
657 2493 685 2526 ιιι
702 2474 829 2526 interiora
845 2469 887 2525 iil·
930 2477 1007 2528 Pont.
1026 2475 1069 2540 11,
1088 2479 1119 2542 4,
1139 2493 1165 2527 v.
1188 2481 1251 2528 ι3.
1271 2475 1356 2528 Non
1375 2493 1441 2546 ego,

374 2555 495 2607 semrom
512 2553 582 2623 rapit
597 2553 677 2606 loca:
691 2551 764 2606 hunc
782 2571 887 2606 sensum
930 2573 1028 2607 secure
1050 2555 1206 2607 biberem
1187 2573 1207 2606 ει
1224 2555 1320 2624 pocula
1330 2554 1440 2619 Lethes

375 2635 492 2686 innuunt
515 2631 652 2702 sequentia
676 2632 771 2684 avidum
794 2633 885 2696 chaos,
930 2647 979 2686 etc.
986 2633 1064 2686 vid.
1073 2646 1099 2687 et
1111 2632 1145 2685 de
1156 2633 1234 2685 Pont
1242 2635 1335 2698 IV‚‚1
1348 2651 1439 2703 v17;

375 2714 472 2784 quibus
497 2710 588 2764 eudem
614 2711 743 2764 sententia
766 2712 886 2765 iteratur.
929 2713 1011 2766 Thist.
1017 2713 1066 2778 IV,
1077 2731 1102 2777 ι,
1110 2731 1135 2766 ι.
1146 2719 1192 2782 47.
1200 2713 1265 2764 Luc.
1270 2713 1306 2778 V,
1314 2731 1380 2780 ιιι,
1389 2725 1439 2765 etc.

374 2795 416 2848 De
430 2811 510 2863 prono
530 2811 584 2842 aere
603 2809 693 2862 pro
670 2767 726 2842 'lere
744 2796 786 2862 qui
797 2775 888 2866 probos
954 2795 1035 2845 &682
1054 2791 1166 2846 Gravem.
1172 2790 1289 2843 Tardum
1302 2805 1332 2844 et
1338 2792 1442 2861 langui

374 2875 479 2944 citaeque
507 2873 588 2941 rapiat
617 2867 763 2940 quidquam
789 2856 887 2923 addere
930 2869 1003 2924 dum.

374 2970 432 3004 ιιοιι
445 2947 658 3024 operaepretium
671 2962 724 3013 est,
735 2967 818 3019 qunnr
829 2949 941 3003 hec
973 2949 1039 3002 683.
1055 2951 1266 3004 involutorum.
1281 2950 1368 3014 Quem
1383 2967 1440 3001 ιιιιι-

376 3029 479 3083 loeutio
494 3029 571 3081 obvia
586 3029 621 3081 sit
634 3027 662 3080 in
675 3027 749 3080 latin.
766 3028 886 3100 scriptor.
931 3029 1009 3082 nemi
1021 3029 1209 3100 Styga,inquit
1218 3029 1342 3094 Farnsb.,
1352 3047 1439 3081 secer·

419 3111 484 3182 678.
498 3107 668 3179 Gradumque,
682 3107 814 3177 etevhg.
826 3111 886 3160 AEn.
930 3103 1010 3172 nens,
1022 3124 1052 3162 ut
1064 3105 1186 3174 ridetur,
1199 3121 1225 3161 et
1238 3107 1360 3160 dividens
1370 3107 1439 3160 dnos

378 3191 435 3254 vl,
453 3189 505 3242 128
522 3206 529 3242 :
546 3214 558 3235 ι
575 3184 628 3240 Sed
640 3205 764 3240 revocare
776 3185 888 3258 gradum
931 3187 1042 3252 fluvios,
1054 3189 1120 3240 hinc
1137 3188 1235 3258 Styge,
1250 3206 1309 3258 qnae
1324 3187 1440 3239 involvi-

377 3287 537 3341 superasque
552 3264 665 3320 evadere
680 3265 713 3318 ad
726 3285 815 3328 aures,
830 3266 888 3319 Hoc
931 3281 989 3331 tur,
1010 3267 1084 3321 illin'c
1105 3267 1223 3330 Lethen,
1241 3283 1299 3338 quae
1318 3266 1439 3319 involvit.

379 3368 462 3421 opus,
475 3349 520 3402 hic
533 3347 609 3400 labor
622 3361 669 3400 est.
681 3373 692 3393 ι
932 3347 1012 3398 Secus
1021 3349 1109 3400 locum
1118 3347 1293 3418 interpretor,
1303 3363 1387 3416 quum
1395 3345 1441 3397 hie

421 3432 485 3498 679.
495 3425 591 3479 Umbrae
598 3437 697 3478 tenaces.
705 3423 889 3496 Manes‚quid·
931 3424 965 3478 de
975 3445 1028 3478 una
1037 3439 1140 3478 tanturn
1148 3426 1232 3478 Lethe
1243 3425 1384 3476 memorari
1394 3443 1442 3496 pn·

381 3505 447 3576 quid
464 3505 673 3578 corripuerunt,
687 3506 815 3557 tenaciter
834 3523 888 3557 ser·
931 3519 998 3570 tem,
1010 3523 1068 3576 qun
1082 3525 1185 3568 amnem,
1201 3503 1229 3556 id
1240 3517 1278 3556 est
1289 3521 1368 3574 aquas
1381 3521 1441 3556 snas

380 3599 479 3638 nantes.
495 3617 532 3628 --
547 3586 659 3637 Immemi
672 3587 747 3636 sinas.
763 3583 890 3654 Intelligit
932 3585 1022 3638 multis
1035 3584 1144 3638 flexibus
1155 3584 1282 3648 involvit,
1295 3595 1322 3634 et
1334 3583 1439 3635 circum

381 3665 492 3717 Forcell.
506 3665 535 3715 in
551 3665 629 3718 lexic.
652 3661 766 3716 fluvium
787 3663 889 3716 Lethen
932 3664 1078 3717 inferorum
1091 3663 1180 3716 sedem
1192 3664 1285 3716 iterum
1298 3675 1378 3732 atque
1391 3663 1440 3716 ite-

382 3761 437 3796 esse
467 3743 599 3796 immensae
627 3742 793 3805 altitudinis,
817 3761 889 3794 senza
932 3761 994 3795 rum
1003 3743 1303 3813 implicet.Amaisenim
1313 3759 1441 3814 saepepro
1504 3741 1506 3746 ’

382 3821 470 3876 fona:
478 3823 568 3874 malim
576 3821 745 3894 interpretari
755 3839 816 3873 cum
822 3821 891 3875 Gru-
933 3823 1086 3894 unde.Virg.
1096 3823 1191 3894 Georg·
1202 3823 1252 3888 IV,
1264 3822 1334 3874 233:
1348 3847 1359 3868 ι
1367 3863 1374 3875 .
1382 3861 1402 3873 ..
1414 3833 1442 3874 et

381 3901 463 3954 novio
487 3899 583 3956 vedum
606 3904 658 3955 late
682 3921 737 3958 sese
756 3901 889 3970 immensis
934 3901 1032 3956 Oceani
1047 3914 1147 3974 spretos
1167 3900 1236 3972 pede
1250 3901 1369 3972 reppulit
1384 3919 1440 3954 am-

381 3981 535 4050 ambagibus
552 3981 701 4035 sinuantem
726 3993 752 4033 et
775 3981 889 4033 circum·
932 4001 1011 4034 nes·
1036 3985 1096 4034 AEn.
1114 3982 1169 4041 vl,
1188 3982 1244 4048 659
1261 3999 1268 4032 ι
1288 3980 1441 4032 :Plurimus

381 4072 510 4132 egentem.
932 4059 1042 4113 Eridani
1053 4080 1101 4133 per
1111 4060 1203 4114 silvanr
1215 4060 1332 4112 volvitur
1341 4058 1439 4123 amnis,

421 4141 485 4193 uso.
499 4139 572 4192 Letle
598 4137 706 4194 Flavius
726 4139 885 4204 inferorum,
930 4141 1028 4193 etc-Si
1045 4141 1104 4211 quis
1128 4142 1240 4194 miretur
1257 4139 1385 4192 hocloco
1406 4137 1440 4191 ad
