3090 5142
376 550 695 574 ΜΜΜΜΜΜΜ
701 543 1453 570 mmmmmmmmmmmmm

623 759 831 892 ‚nnn
876 755 1173 862 florusfl

524 994 586 1062 DE
611 990 979 1062 TRAGOEDIARUM
1004 992 1293 1062 AUCTORIBUS
1360 1051 1363 1059 ,

751 1118 1062 1186 DISSERTATIO.

785 1321 1024 1345 -Φ-

373 1479 446 1582 Da
462 1509 688 1602 tragoediarum
704 1507 819 1575 ordine
829 1508 894 1588 jam
908 1509 962 1574 alii
973 1524 1126 1600 egerunt,
1145 1525 1178 1574 et
1190 1509 1254 1574 hoc
1269 1508 1443 1576 literarum

366 1616 492 1699 judices
506 1617 589 1697 juris
614 1614 677 1680 sibi
699 1635 826 1702 semper
848 1613 1074 1698 vindicarunt,
1098 1631 1137 1678 ut
1158 1613 1250 1706 quod
1266 1615 1387 1682 vellent
1405 1617 1442 1680 in

369 1724 437 1788 istis
455 1739 679 1812 sequerentur.
693 1719 884 1786 Proximum
898 1736 948 1786 est
958 1720 999 1785 de
1011 1739 1155 1786 auctore.
1171 1723 1216 1786 Ao
1230 1721 1358 1786 Senecae
1370 1722 1445 1810 qui-

372 1827 446 1895 dem
463 1827 579 1894 Medea
598 1851 616 1892 a
639 1826 758 1909 Fabio,
774 1825 916 1890 Troades
932 1848 951 1890 a
969 1826 1094 1908 Probo,
1120 1827 1275 1892 Hercules
1294 1827 1406 1891 furens
1422 1851 1443 1893 a

371 1935 589 2015 Terentiano,
610 1933 806 2021 Hippolytus
827 1955 845 1996 a
869 1932 1052 2015 Prisciano,
1075 1931 1233 2021 Thyestes
1253 1956 1273 1996 a
1288 1930 1441 1998 Luctatio

373 2040 500 2130 (sireis
517 2055 567 2104 est
578 2035 782 2124 Lactantius)
797 2036 963 2102 tribuitur.
979 2037 1048 2100 Nos
1063 2053 1211 2102 auctores
1225 2038 1371 2128 quinque
1385 2038 1442 2104 hic

371 2145 537 2226 ridemus,
556 2160 589 2209 et
614 2166 682 2208 nou
706 2141 808 2206 dubie
829 2141 1045 2230 agnoscimus.
1074 2141 1224 2224 Quarum
1251 2157 1315 2208 tres
1344 2144 1440 2228 istas,

372 2249 533 2331 Troadas,
546 2248 781 2338 Hippolytum,
796 2243 963 2327 Medeam,
980 2246 1081 2312 Lucio
1098 2249 1223 2312 Annaeo
1241 2247 1437 2314 tribuimus:

372 2375 471 2448 quem
489 2352 725 2442 Philosophum
741 2365 878 2432 vocant,
895 2365 928 2416 et
944 2350 1061 2416 vixisse
1081 2374 1156 2416 cnm
1178 2353 1363 2440 Pomponio
1381 2355 1440 2419 Se·

372 2459 483 2527 cundo
500 2459 576 2524 satis
592 2472 729 2523 constat.
747 2455 866 2522 Fabius
884 2457 989 2524 Instit.
1006 2458 1096 2524 Orat.
1112 2458 1169 2523 lib.
1182 2459 1283 2539 Vlll,
1308 2481 1377 2548 cap.
1394 2457 1438 2524 3:

372 2599 385 2626 «ι
398 2565 510 2632 Nostri
523 2578 631 2628 autern
643 2559 813 2652 jungendo
824 2577 882 2627 aut
897 2559 1072 2627 dividendo
1082 2565 1217 2652 paulurn
1226 2563 1347 2652 aliquid
1357 2565 1440 2647 ausi,

375 2674 427 2738 vix
440 2673 474 2735 in
487 2671 551 2735 hoc
562 2669 637 2736 satis
652 2668 863 2758 recipiuntur.
877 2669 961 2734 Nam
971 2669 1104 2734 memini
1108 2668 1237 2749 juvenis
1246 2668 1440 2754 admodum,

373 2795 458 2842 mter
469 2774 688 2865 Pomponium
698 2788 731 2838 et
747 2773 904 2840 Senecam
919 2775 1016 2839 etiam
1031 2775 1275 2862 prefationibus
1293 2798 1362 2841 osse
1376 2792 1441 2841 tra-

374 2877 712 2970 ctatum,an·gradus
728 2877 895 2943 eliminat»
911 2878 999 2970 apud
1014 2879 1141 2946 Attium
1157 2881 1192 2944 in
1210 2880 1362 2972 tragoedia
1375 2880 1439 2946 dici

374 2987 601 3082 oportuisset.»
612 2986 703 3049 Duos
719 3007 793 3049 ecce
804 2983 865 3048 hos
876 2985 1013 3074 tragicos
1030 2985 1209 3076 conjungit.
1226 2987 1269 3052 Et
1280 2987 1357 3051 hinc
1367 3001 1439 3052 orta

374 3092 551 3160 dedecoro
571 3105 674 3170 λεκτικῷ
696 3091 729 3152 in
754 3089 908 3180 tragoedia
927 3090 1078 3157 velitatio.
1106 3093 1218 3158 Latine
1243 3090 1330 3156 enini
1355 3093 1438 3177 dici,

374 3216 449 3288 post
461 3196 634 3263 Horatium
648 3196 722 3282 quis
736 3194 922 3260 dubitaret?
932 3195 945 3286 (
954 3198 1066 3264 Horat.
1077 3199 1136 3286 Ep.
1147 3201 1174 3284 I,
1184 3197 1213 3282 5,
1221 3197 1291 3286 αδ.)
1310 3198 1439 3263 Scimus

375 3323 408 3369 et
415 3302 594 3368 Pacuvium
607 3323 644 3365 ea
653 3323 733 3365 voce
747 3323 845 3366 usum
856 3301 963 3369 fuisse.
977 3304 1019 3367 Et
1030 3304 1120 3392 quod
1131 3303 1303 3394 Euripides
1314 3303 1439 3371 dixerat

373 3408 488 3474 Medea
501 3429 511 3472 ε

373 3859 444 3922 Hoc
460 3853 585 3918 Ennius
602 3865 757 3933 verterat,

511 3991 624 4064 Antiqua
638 3990 729 4046 herilis
739 3990 794 4046 fida
805 4003 893 4046 curtos
903 3993 1039 4066 eorporis,

511 4077 632 4146 Quidue
645 4078 798 4134 extrudet
813 4091 839 4132 te
852 4080 1000 4136 exanimata
1013 4081 1155 4136 eliminas?
