3168 5140
472 515 748 585 THYESTES.
777 516 885 584 hCT.
913 515 940 582 1.
1161 515 1234 588 215

229 649 271 715 ln
289 645 380 740 quod
400 644 523 715 malum
545 643 768 715 transcribori
782 647 815 714 Ο
834 647 980 741 quisquis
1002 671 1086 716 nova

228 749 395 846 Supplicia
411 751 534 821 iunctis
549 750 652 821 durus
670 748 863 820 umbrarum
879 751 1002 820 arbiter

224 859 406 952 Disponis,
422 857 499 926 addi
516 859 543 927 si
559 857 637 951 quid
653 856 826 952 adtpoenas
839 871 965 952 potest,
1217 885 1239 923 ,ε

229 963 331 1054 Quod
349 965 419 1058 ipse
439 977 551 1034 custos
568 965 709 1034 carceris
726 963 789 1034 diri
805 963 957 1050 horreat,

176 1163 282 1199 sensum
292 1145 419 1218 recipias,
431 1146 531 1218 pariter
543 1165 687 1219 opponuu·
730 1165 759 1200 ea
771 1147 827 1201 hac
838 1147 897 1200 addi
908 1151 932 1200 si
943 1148 1003 1220 quid
1011 1148 1046 1201 od
1055 1167 1138 1220 panor
1145 1161 1239 1220 potest,

177 1237 223 1278 tur
236 1226 331 1294 plenum
348 1239 375 1279 et
394 1230 488 1279 menti.
508 1225 553 1280 Ad
567 1227 687 1298 primum
731 1239 781 1280 etc.
795 1228 863 1280 male
874 1246 935 1281 cum
949 1246 1005 1300 sqq.
1015 1231 1069 1298 jorn
1083 1241 1174 1292 nostra,
1189 1241 1241 1282 etc.

177 1321 283 1358 sensum
291 1305 385 1359 reteri
395 1305 573 1378 possumhm
582 1305 686 1370 Ovidii,
730 1307 872 1360 coherent.
891 1305 1034 1372 Quomodo
1050 1307 1131 1361 socies
1149 1327 1184 1360 rne
1203 1313 1240 1360 s'n·

177 1383 283 1437 Metam.
295 1385 339 1450 11,
354 1383 390 1440 63
406 1404 414 1438 t
430 1383 537 1439 «Ardua
549 1386 634 1457 prima
645 1385 688 1439 vis
731 1397 849 1438 nocentem
860 1387 944 1454 saciat
957 1404 1018 1440 cusu
1033 1386 1096 1440 adde
1111 1388 1147 1440 ad
1156 1407 1240 1458 partos

178 1475 233 1529 eat,
248 1476 275 1516 et
291 1483 343 1535 qua
356 1463 400 1517 vix
415 1483 492 1517 mane
507 1476 608 1517 nantes
623 1465 687 1519 Eui·
731 1473 816 1516 meas?
835 1466 956 1537 Denique
975 1466 998 1518 si
1017 1486 1078 1520 trous
1097 1467 1191 1532 surrstt's
1214 1479 1241 1521 et

178 1553 268 1596 tantur
279 1543 356 1614 equi»
367 1563 376 1610 ς
386 1555 414 1597 et
422 1543 480 1597 herc
488 1543 612 1609 Castris,
621 1544 687 1597 Bell.
730 1545 835 1614 dr’sponis
853 1543 993 1616 diligenter
1008 1544 1157 1618 expendas,
1176 1547 1241 1600 iate·

178 1622 246 1677 Gall.
260 1623 297 1689 V,
315 1626 366 1676 16:
378 1623 472 1693 Integri
481 1635 506 1674 et
514 1635 632 1676 recentes
645 1623 687 1676 de·
730 1623 800 1677 beris
811 1623 867 1677 hac
877 1643 932 1676 non
943 1637 1013 1679 recte
1024 1627 1135 1678 omnino
1148 1622 1181 1678 ad
1196 1645 1241 1680 au·

172 1702 291 1772 sarmatis
304 1703 468 1756 succedebant.
729 1701 815 1773 genda
841 1703 946 1757 Tantali
971 1704 1100 1777 supplicia
1127 1705 1240 1771 referri;

220 1782 265 1836 13.
279 1781 443 1846 Transcrs'ior.
454 1780 496 1836 sd
507 1780 580 1854 quod
589 1782 690 1854 suppli·
731 1782 864 1852 aptissima
883 1800 948 1836 vero
967 1784 1039 1849 iore,
1059 1785 1081 1837 si
1100 1782 1134 1838 ad
1153 1785 1242 1838 lutura

177 1860 250 1913 cium
259 1879 291 1914 ex
301 1879 362 1914 meo
368 1862 530 1914 transferor?
539 1861 647 1914 Servius
655 1860 689 1914 ad
732 1861 845 1915 aliorum
860 1861 1029 1916 scelestorum
1046 1876 1166 1935 spectent
1179 1883 1242 1934 sup·

124 2011 126 2016 ¹
179 1942 240 1992 AEn.
253 1941 289 2005 V,
304 1940 376 2010 750:
395 1939 523 1994 dllomani
537 1942 689 1995 morierer·
731 1940 818 2013 plicia.
833 1941 999 1996 Generaliter
1013 1942 1094 2014 igitur
1103 1963 1187 2012 ponas
1200 1943 1242 1996 in·

178 2020 242 2072 bum
249 2032 288 2072 est
297 2036 304 2072 :
313 2023 451 2091 transcripti
458 2019 529 2072 enirn
537 2020 566 2072 in
573 2021 689 2074 colonias
732 2031 893 2091 terpretare,
905 2038 955 2074 nec
967 2020 1072 2075 Tantali
1088 2021 1181 2085 modo,
1194 2021 1242 2077 sed

178 2095 404 2153 deducebantur.»
420 2099 481 2153 sen.
498 2106 570 2171 epi
585 2118 592 2154 :
609 2100 690 2169 Quum
733 2099 853 2172 Sisyphi,
866 2100 981 2167 Ixionis,
996 2101 1069 2172 Tityi
1083 2114 1109 2154 et
1121 2101 1241 2156 omnium

175 2179 290 2249 puerilem
305 2183 408 2232 annum
425 2179 574 2250 deposueris,
589 2191 613 2231 et
630 2191 653 2231 te
665 2182 692 2232 in
732 2178 778 2250 qui
794 2179 822 2231 in
837 2179 928 2232 inieris
943 2192 1112 2251 torquentur.
1131 2183 1242 2234 Senten-

178 2261 245 2310 oiros
254 2257 405 2330 philosophia
416 2263 599 2330 tmrncrirserit.
614 2257 688 2312 Idem
732 2257 829 2312 tiorum
848 2259 1093 2312 concatenationem
1114 2262 1147 2315 ab
1165 2261 1243 2316 initio

179 2337 289 2391 Consol.
298 2336 333 2392 ad
341 2339 423 2392 tasse
434 2357 492 2410 cap.
504 2342 537 2392 st
551 2338 688 2402 zennon,
732 2336 865 2410 tragedia
872 2339 941 2392 hanc
951 2357 1006 2392 esee
1015 2338 1145 2394 arbitror:
1160 2339 1243 2406 «Quis

179 2423 312 2488 contempto
318 2419 384 2470 horn
391 2418 525 2488 etflussins,
535 2417 566 2470 ob
577 2421 691 2488 insignem
732 2415 798 2471 deus
809 2435 852 2470 me
861 2419 894 2470 ab
904 2418 1017 2472 inlausta
1025 2419 1173 2473 interorum
1182 2419 1244 2473 sede

179 2497 305 2550 mrum
322 2509 418 2550 sununs
432 2509 481 2550 nort
498 2501 523 2550 in
540 2501 606 2549 otius
623 2509 691 2549 tran-
733 2496 863 2550 extrahit?
877 2499 948 2551 Num
960 2500 1036 2569 pejus
1049 2498 1147 2570 aliquid
1160 2500 1203 2552 siti
1214 2517 1244 2552 ac

179 2580 321 2647 scripsimus.
331 2607 372 2618 -
381 2577 503 2649 Quisquis
515 2577 692 2648 Interrogavit
734 2577 802 2630 lame
812 2589 909 2630 aeterna
923 2577 989 2629 mihi
997 2579 1163 2632 reservatur?
1172 2580 1197 2630 N
1199 2597 1244 2631 um
1291 2639 1299 2656 .

181 2655 692 2728 euimsnpraTaotalusQuisdeorurs...?
732 2659 787 2729 jam
804 2673 927 2728 passurus
944 2675 1002 2709 snm
1024 2675 1084 2729 quse
1103 2657 1245 2730 Sisyphus,

179 2735 308 2790 -Νονα,
319 2737 388 2790 Nam
397 2747 429 2788 ut
437 2736 557 2800 Tantalo,
567 2735 692 2807 Sisypho,
733 2737 827 2801 Ixion,
836 2735 931 2807 Tityus
939 2735 950 2788 i
959 2735 1011 2789 Sed
1019 2738 1073 2808 jam
1082 2737 1110 2788 in
1121 2738 1186 2790 alios
1199 2756 1246 2808 po·

180 2815 263 2886 Tityo
275 2815 419 2887 propriaet
428 2834 497 2869 nors
506 2816 621 2886 irrogata
629 2827 693 2868 sunt
734 2816 789 2870 tius
802 2833 881 2887 quam
893 2817 922 2868 in
935 2833 979 2868 me
993 2815 1170 2887 excogitandas
1185 2828 1247 2868 sunt

180 2894 327 2966 supplicia,
339 2895 376 2948 sic
386 2913 455 2948 nors
464 2895 606 2966 etpropria
615 2893 692 2964 stirpi
735 2913 819 2968 poenar
835 2913 842 2948 ε
859 2913 875 2948 o
891 2894 988 2948 arbiter
1001 2895 1167 2948 internorum
1181 2914 1246 2966 sup-

180 2973 287 3027 Tautali
300 2987 381 3028 erunt
391 2973 573 3044 excogitanda.
596 3000 599 3008 ·
734 2974 889 3047 pliciorurn,
901 2975 947 3045 qui
958 2993 1043 3027 novos
1052 2987 1078 3027 et
1088 2975 1211 3046 proprios
1221 2989 1248 3028 et

225 3053 271 3108 1⁵.
289 3055 411 3124 Disponis.
431 3054 513 3107 Suum
531 3053 627 3125 cuique
642 3065 694 3107 sta·
735 3054 879 3108 sceleribus
893 3071 969 3124 pares
981 3054 1114 3106 cruciatus
1128 3055 1248 3107 nocenti·

182 3133 244 3186 tuis.
258 3165 298 3176 -
310 3134 356 3186 Aa
363 3153 455 3204 paras.
469 3134 532 3186 llaec
546 3152 639 3186 omnes
651 3151 692 3186 ac·
736 3131 786 3187 bus
804 3127 927 3204 irrogas,
933 3135 987 3204 jam
1005 3134 1125 3203 graviora
1144 3150 1250 3204 quare,

182 3214 283 3284 cepisse
299 3211 442 3278 ridentur,
454 3226 485 3266 ut
501 3231 516 3266 a
531 3213 645 3265 Tantalo
660 3211 694 3264 de
737 3213 759 3265 si
772 3211 831 3265 lieri
845 3222 945 3282 potest,
957 3229 1036 3283 quum
1053 3230 1112 3284 quae
1130 3213 1157 3264 in
1176 3213 1249 3286 Sisy·

182 3311 231 3346 suo
250 3293 383 3364 supplicio
402 3291 476 3345 dicta
493 3309 503 3345 s
520 3291 558 3345 sic
578 3289 695 3345 Gallicus
737 3291 838 3363 phem,
861 3291 998 3355 Ixionem,
1021 3291 1132 3362 'Iityum
1156 3305 1183 3346 et
1207 3311 1250 3346 me

182 3371 313 3444 interpres
328 3389 336 3425 ε
350 3371 475 3443 Irpiasidle
488 3371 577 3423 orditus
588 3371 630 3423 des
644 3389 695 3424 ors·
738 3371 825 3442 ipsum
837 3368 992 3435 decrevisti;
1003 3389 1090 3441 quaere
1102 3369 1175 3441 qnod
1185 3371 1249 3424 hor·

182 3451 245 3515 brer,
257 3455 279 3504 si
292 3454 418 3522 inficiere
431 3453 446 3502 ri
458 3455 576 3521 integriter
587 3452 629 3504 des
638 3469 695 3520 sup·
738 3449 951 3504 reantCerberus
960 3461 986 3502 et
995 3449 1167 3515 Acheron,ad
1175 3453 1251 3523 cujus

171 3532 264 3600 ,plires,
276 3533 357 3602 ajoute
367 3531 429 3583 dorse
440 3550 479 3582 ou
486 3535 556 3592 nien,
570 3543 621 3584 etc.
633 3529 696 3596 Quo
739 3541 843 3582 metum
859 3529 915 3600 ipse
934 3540 1053 3582 tremam.
1071 3529 1131 3582 Mea
1147 3531 1219 3583 enim
1235 3549 1251 3584 e

183 3607 298 3664 admisso
307 3629 463 3676 sensu,non
471 3610 532 3664 satis
540 3610 696 3681 intelligitur
738 3609 820 3681 stirpe
832 3609 904 3662 subit
913 3609 1005 3671 turbs,
1018 3627 1076 3679 qun
1089 3627 1133 3662 me
1147 3607 1183 3662 ita
1195 3627 1250 3663 sce·

183 3706 231 3743 cnr
242 3691 387 3754 Tantalus,
395 3701 535 3762 postquam
546 3688 644 3743 inferni
653 3701 696 3761 ty·
738 3689 839 3743 lerihus
856 3687 959 3755 vincat,
972 3700 1018 3754 ut,
1033 3688 1054 3741 si
1074 3689 1250 3760 comparatio·

183 3771 262 3822 mnni
290 3769 461 3824 acerbitatem
489 3769 644 3840 provocarit
669 3779 697 3821 et
739 3786 801 3821 nem
814 3769 939 3821 interme
952 3780 978 3821 et
992 3785 1049 3821 eam
1062 3768 1155 3832 facias,
1171 3769 1249 3822 inno·

183 3851 304 3920 graviora
313 3849 415 3920 rogavit
424 3849 562 3920 supplicis,
572 3861 697 3919 tanquam
741 3866 802 3902 cens
816 3845 900 3901 videri
919 3865 1028 3919 queam,
1043 3846 1110 3901 adeo
1123 3849 1248 3902 immania

183 3929 260 3981 facile
270 3943 456 4000 perpessurus,
470 3925 550 3981 addat
562 3940 648 3980 tamen
663 3927 699 3979 sd
741 3939 805 3982 suut
820 3945 879 3998 quta
895 3925 1037 3981 meditatur
1050 3939 1077 3980 et
1090 3927 1188 3981 audere
1204 3946 1250 3999 pa·

184 4010 250 4078 cujus
271 4019 356 4060 metunt
370 4008 422 4062 Nos
443 4027 534 4080 qtsoque
552 4019 693 4068 tremomtu,
739 4007 793 4060 rat!
810 4019 881 4071 etc,
897 4017 947 4060 ete.
961 4032 972 4054 ι

185 4105 268 4158 quum
278 4089 368 4159 potius
378 4085 467 4141 dicere
477 4086 586 4152 debeu,
597 4087 631 4138 ad
642 4087 695 4138 nui·
783 4089 826 4138 ιδ.
836 4085 922 4138 Custos
932 4088 1031 4137 carueris
1040 4085 1095 4138 diri.
1106 4087 1247 4140 Cerberus.

186 4168 230 4219 lt'us
239 4168 350 4239 supplicii
355 4178 439 4220 metum
448 4179 581 4220 tremamus.
590 4167 697 4220 Proter-
739 4163 803 4218 Vid.
816 4164 895 4218 llere.
908 4165 958 4236 fur.
976 4166 1042 4235 784.

1024 4257 1089 4355 14⁴
