3090 5142
458 489 769 565 DlSSEllTATlO.
1068 496 1152 568 lxxv

125 611 283 701 Quosdam
296 635 337 678 ex
347 611 479 679 Senecse
496 614 649 704 tragoedia
665 617 797 680 effetam
807 663 816 698 ,
827 615 947 704 quibus
956 617 1154 706 approbetur

89 736 285 809 quantopere
305 741 324 784 u
344 741 450 808 graeco
472 737 569 808 poete
588 743 623 786 se
645 735 825 804 removeat,
844 743 987 810 veroque
1007 722 1154 812 ablegato

91 826 245 914 tragoedioe
256 825 393 908 robore,
407 825 609 915 splendidam
622 841 751 893 tontum
763 828 993 893 sublimitatem
1002 845 1154 896 sectetur.

90 933 146 996 Vix
161 932 314 1012 Dejanisu
327 931 486 1020 captivom
502 932 595 998 Iolen
612 933 791 1022 conspicit,
804 951 887 998 suro
902 933 1010 1000 uritur
1024 933 1150 1018 dolore,

91 1059 186 1126 quens
200 1039 313 1104 nutrix
326 1037 379 1102 bis
396 1033 544 1128 depingit
554 1039 721 1104 versibus:

225 1219 265 1272 Ut
276 1219 352 1274 lulsit
365 1213 439 1282 lolc,
453 1218 538 1292 qnslis
550 1219 658 1274 innubis
671 1220 743 1283 diest

227 1308 362 1362 Purnmve
374 1305 453 1362 clsris
465 1307 587 1364 noctibus
602 1307 676 1362 sidus
688 1308 784 1376 micet,

227 1393 304 1448 Stetit
315 1394 416 1448 furenti
431 1392 543 1463 similis,
557 1414 588 1450 oo
602 1407 708 1450 torvum
724 1396 831 1451 intuens

226 1479 357 1536 uacua
369 1483 488 1555 conjux,
505 1483 557 1536 lete
570 1495 601 1537 ut
613 1483 738 1538 murenis
746 1484 837 1557 jacens

226 1569 283 1624 Sub
298 1587 369 1642 rupe
380 1569 466 1642 tigris,
484 1565 564 1628 lso'ste
573 1581 717 1643 cussspeclu
729 1569 839 1636 exsilit,

227 1659 280 1712 Ant
287 1661 364 1731 jussu
375 1659 501 1731 thyrsum
516 1669 640 1736 quatere,
657 1670 815 1732 conceptum
829 1659 917 1716 serens
961 1729 963 1732 Ι

228 1747 328 1801 Hunos
339 1748 465 1820 byssum,
477 1745 560 1802 dubis
576 1759 631 1822 quc
644 1766 750 1822 gressus
762 1759 843 1820 eget,

226 1833 309 1889 linuit
321 1853 464 1908 psrumper
479 1852 487 1888 ε
505 1849 563 1890 tum
580 1855 628 1910 per
644 1835 792 1892 Herculeos
807 1837 876 1890 lares

228 1921 379 1997 Lympbsts
393 1924 512 1995 npitnr3
528 1935 585 1978 tots
598 1924 644 1979 vix
657 1924 720 1979 setis
732 1937 774 1978 est
786 1923 891 1979 domus.

226 2007 364 2077 lumin,
377 2021 464 2078 erest,
476 2011 544 2066 sistit
558 2031 568 2067 t
577 2013 607 2066 in
619 2011 709 2067 vultus
720 2011 799 2066 dolor

226 2099 361 2156 Processit
370 2099 468 2157 oum.

139 2276 247 2358 Quum
275 2273 363 2338 banc
391 2271 642 2361 descriptionem
670 2272 870 2361 aliquantum
896 2271 1063 2356 extendit,
1091 2275 1160 2364 ipsa

98 2381 178 2444 venit
197 2379 368 2462 Dejonira‚
388 2401 473 2442 nova
498 2393 531 2441 et
557 2376 701 2442 inaudita
725 2376 827 2443 infido
850 2379 980 2470 conjugi
1003 2377 1159 2470 supplicio

100 2501 272 2575 imprecans
284 2508 293 2548 ε

227 2659 436 2728 Quemcumque
445 2665 547 2728 partem
560 2653 629 2708 sedis
643 2653 761 2708 ethereae
773 2657 887 2728 premis,

227 2745 337 2818 Conjtu
347 2743 494 2806 Tonantis,
510 2743 586 2796 mitte
604 2743 631 2794 in
647 2741 770 2796 ‘Alciden
783 2744 881 2807 leram,

228 2835 297 2902 Qun
307 2832 376 2888 milri
392 2831 455 2886 estis
467 2833 508 2886 sit.
518 2828 551 2887 Si
564 2849 620 2903 qus
635 2829 790 2888 seecundum
803 2849 882 2906 ceput

227 2920 331 2977 Pslude
342 2932 399 2976 tots
411 2920 513 2976 vastior
526 2937 636 2992 serpens
648 2932 754 2988 moret,

227 3009 413 3084 lgnsrtlvinci
428 3027 436 3062 ι
452 3008 555 3082 siquid
573 3008 684 3062 excessit
696 3009 785 3074 leros,
872 3072 875 3087 Ι

228 3101 368 3163 Immone,
386 3098 491 3164 dirum,
503 3097 646 3161 horribile,
658 3117 713 3172 quo
726 3098 782 3152 viso
799 3096 928 3154 Hercules

229 3182 456 3252 Avertst'uculos,
469 3185 522 3240 boc
533 3187 595 3240 sinu
606 3187 737 3240 immenso
755 3199 838 3242 exest.

228 3277 283 3332 vel
296 3278 319 3330 si
332 3277 396 3331 ferus
410 3290 556 3348 negantur,
571 3274 642 3329 benc
658 3275 773 3328 enisurus
792 3293 888 3348 precor

227 3367 362 3420 contere
379 3365 408 3418 iu
425 3363 547 3438 aliquid:
562 3363 701 3436 quodlibet
712 3381 821 3436 possum
834 3363 936 3418 malurn

228 3455 289 3508 llsc
303 3465 391 3508 mente
408 3452 477 3506 lieri.
496 3449 644 3506 Commoda
661 3450 777 3522 effigient
792 3450 859 3504 mibi

227 3542 325 3596 Parent
339 3538 426 3595 dolori
437 3557 445 3592 :
455 3557 511 3592 non
525 3539 598 3611 cupit
610 3549 702 3610 pectem
718 3537 813 3592 minus.

229 3629 303 3698 Quid
317 3628 419 3693 excutis
431 3627 532 3682 telluris
546 3627 770 3694 «reema-sinus,

230 3719 385 3790 Osbenque
401 3733 489 3772 versss
499 3717 512 3768 l
522 3715 591 3790 qnid
604 3732 683 3790 rogus
698 3715 787 3770 Ditem
802 3716 892 3770 mols?

229 3808 332 3860 Omnes
342 3806 370 3858 in
382 3806 432 3860 isto
443 3813 551 3878 pectore
565 3805 684 3860 invenies
697 3805 785 3872 letus,

230 3898 305 3962 Quas
314 3893 406 3948 timuit
421 3911 428 3945 :
442 3893 512 3948 odiis
525 3893 616 3965 accipe
627 3893 679 3947 hoc
692 3893 774 3947 telum
788 3893 846 3946 tuis.

231 3984 287 4056 Ego
298 4003 357 4037 suns
371 4001 485 4036 noverca
498 4001 505 4036 ε
518 3981 633 4056 perdere
647 3981 769 4036 Alcidem
779 3993 862 4053 potes.

232 4071 325 4125 Proles
342 4090 438 4124 munus
451 4089 628 4143 quocumque.
650 4069 722 4137 Quid
738 4089 823 4126 cessus
837 4069 904 4126 deo?

1001 4167 1036 4227 8²
