3090 5142
480 575 783 644 DlSSERTATlO.
1070 571 1165 642 lxxix

21 695 22 700 ’
99 697 170 762 dum
186 694 371 760 Thebanos
388 694 516 760 inducit
530 717 622 762 suam
637 694 678 760 ab
693 693 824 781 OEdipo
839 693 974 758 salutem
990 693 1166 783 efflagitan-

100 821 158 884 tes,
174 801 385 868 manifestias
409 800 493 890 quid
514 800 579 866 hoc
597 799 748 866 dramatis
769 799 862 866 initio
880 815 994 888 agatur
1011 800 1165 878 declarat,
1284 875 1289 884 Ι

102 908 314 998 spectantium
331 907 461 974 animos
477 906 517 972 ad
533 907 656 972 exitum
673 906 789 970 labuloe
806 921 979 996 praeparat,
1008 924 1042 972 et
1058 907 1165 972 stetim

102 1013 236 1080 ostendit
260 1029 393 1101 quanto
417 1034 528 1082 amore
556 1012 723 1102 Olldipum
750 1027 989 1102 prosequantur
1002 1013 1166 1096 Thebani,

103 1135 298 1210 quantasque
316 1139 393 1208 spes
412 1119 446 1184 iu
462 1118 518 1186 illo
533 1134 708 1209 reponant,
726 1118 798 1206 ipso
815 1118 977 1184 nesciente
991 1139 1026 1182 se
1042 1135 1166 1208 pestem

104 1226 167 1291 urbi
182 1221 358 1290 efflavisse.
378 1227 497 1290 &utra
513 1226 549 1290 in
564 1228 706 1307 Annaeo,
726 1224 874 1313 OEdipus
892 1225 1077 1313 longissima
1093 1247 1167 1290 ora·

104 1335 183 1397 tione
192 1353 263 1396 rem
274 1331 480 1422 aggreditur,
490 1355 562 1420 quas
575 1331 708 1420 quidem
720 1354 788 1420 quo
799 1345 922 1420 spectet
932 1329 1062 1396 difficile
1077 1330 1167 1399 dictu

104 1453 153 1502 est
167 1435 337 1500 Dmctibit
352 1435 440 1501 enim
454 1436 666 1510 miserrimam
682 1435 772 1500 urbis
788 1435 985 1516 vastitatem,
1000 1450 1033 1500 et
1047 1434 1167 1522 quibus

105 1542 140 1608 de
153 1541 254 1608 causis
268 1540 625 1630 Thebas-migrarem,
644 1555 789 1623 enarrat3
810 1540 977 1606 oraculum
989 1541 1167 1628 precipue,

106 1669 156 1712 nec
169 1647 385 1728 summatim,
401 1661 651 1728 commemorat,
671 1669 739 1736 quo
755 1645 816 1710 sibi
832 1646 1084 1733 praenuntiatum
1101 1661 1166 1726 est,

107 1775 135 1816 se
147 1753 301 1817 violentas
324 1775 441 1818 manus
457 1753 621 1818 illaturum
638 1752 721 1840 patri
738 1767 770 1816 et
784 1750 938 1840 conjugio
959 1751 1069 1814 matris
1085 1751 1167 1814 frui-

107 1873 225 1924 turum:
240 1857 324 1926 licet
341 1857 404 1922 sibi
424 1858 581 1922 innocens
604 1857 673 1944 ipse
691 1853 847 1935 videatur,
866 1856 982 1919 metuit
1001 1870 1108 1918 tamen
1126 1878 1167 1918 ne

108 1963 176 2050 quid
189 1963 263 2028 mali
279 1962 426 2046 accidat,
442 1985 502 2028 nec
518 1961 645 2026 dubitat
660 1962 740 2049 quin
754 1961 822 2048 ipse
838 1961 1081 2049 corruptionem
1099 1961 1165 2026 creli

111 2090 206 2132 secum
229 2069 407 2134 invexerit.
433 2069 531 2156 Optat
549 2067 649 2148 mori,
673 2083 705 2130 et
729 2069 857 2155 lugere,
876 2065 931 2128 vel
943 2065 1164 2153 adparentes,

111 2173 242 2240 dunum.

146 2281 251 2364 Quum
275 2285 326 2346 ita
348 2283 380 2346 in
404 2281 539 2370 prologo
562 2281 768 2368 semetipsum
793 2279 983 2344 criminetur
1000 2277 1165 2366 Olldipus,

111 2403 166 2452 tota
180 2387 298 2454 fabulae
318 2388 449 2452 vitiatur
465 2385 642 2475 dispositio.
665 2383 834 2450 Enodatur
853 2385 918 2448 fere
939 2395 1041 2463 αἴνιγμα
1057 2385 1163 2448 statim

110 2495 143 2560 ab
155 2495 261 2575 initio,
283 2491 380 2582 quod
398 2508 486 2558 tauta
507 2491 636 2558 solertia
651 2489 840 2580 judicioque
859 2490 1012 2577 paulatim
1029 2489 1166 2578 explicat

110 2601 293 2688 Sophocles,
311 2597 436 2688 etquid
452 2599 533 2665 ierat
549 2598 803 2684 oraculum,qu0
818 2596 916 2684 pestis
932 2611 1045 2660 auctor
1061 2595 1167 2684 argui-

110 2721 154 2770 tur
164 2707 368 2794 quicumque
382 2706 495 2770 Laium
512 2701 645 2783 occidit,
663 2700 699 2766 fit
714 2703 818 2791 palam
833 2701 1002 2782 omnibus,
1018 2702 1114 2766 simul
1128 2723 1165 2766 oc

109 2810 239 2876 auditum
255 2829 320 2878 eat.

145 2919 246 3001 Quam
268 2919 353 2983 veris
365 2939 480 3006 parum
497 2916 616 2980 similes
632 2917 697 2978 sint
714 2913 832 3002 OEdipi
850 2936 963 2978 sensus
978 2913 1034 2977 hie
1050 2935 1164 2982 rursus

111 3039 206 3088 notare
217 3047 291 3090 non
305 3022 566 3112 operaepretium
580 3021 737 3086 existimo.
755 3017 845 3102 Quid
859 3020 946 3084 enim
962 3035 1084 3082 uaturae
1098 3035 1163 3082 tam

110 3127 268 3196 adversum
291 3133 363 3194 ess'e
387 3143 512 3218 potest,
538 3147 636 3215 quam
662 3125 802 3213 siquis,
826 3125 879 3190 cui
905 3123 1009 3190 scelus
1029 3123 1161 3211 quidem

111 3233 265 3298 ninantur
279 3232 414 3321 Superi,
432 3229 490 3296 sed
506 3229 605 3308 nihil,
623 3246 660 3294 ut
673 3228 707 3293 id
723 3245 864 3310 caveret,
879 3229 1035 3292 omissum
1048 3244 1113 3308 est,
1128 3249 1164 3292 se

111 3338 368 3406 nocentissimum
385 3354 509 3414 tamen,
527 3353 662 3425 propter
679 3335 763 3400 hanc
787 3335 888 3400 solam
911 3333 1049 3398 deorum
1072 3355 1163 3398 com·

110 3443 330 3522 minationem,
350 3459 383 3508 et
403 3443 484 3509 aeris
503 3442 685 3507 vitiatorem
703 3442 772 3528 ipse
788 3440 943 3520 declaret,
960 3455 993 3503 et
1004 3439 1162 3505 exitialem

109 3553 243 3639 populis,
263 3573 349 3639 quos
365 3549 522 3640 singulari
536 3571 648 3614 amore
665 3564 697 3613 et
712 3570 839 3613 summa
853 3547 935 3636 regit
948 3545 1141 3636 prudentia?

143 3658 178 3721 ln
190 3658 340 3738 Seneca,
355 3672 394 3722 ut
405 3657 440 3721 in
455 3653 641 3743 Sophoclis,
658 3653 826 3743 tragoedia,
843 3653 959 3716 missus
976 3667 1025 3716 est
1039 3654 1160 3728 Creon,

109 3761 156 3846 qui
174 3763 336 3851 Apollinis
361 3763 528 3827 oraculum
553 3759 752 3843 consuleret,
775 3781 888 3824 verum
913 3757 976 3822 lroc
1000 3759 1034 3821 in
1058 3779 1161 3846 graeco

108 3884 191 3952 pocta
202 3891 353 3957 expresse
368 3867 597 3933 denuntiatum
615 3883 680 3948 est,
698 3882 736 3930 ut
751 3863 841 3953 quod
858 3863 898 3928 ad
918 3887 986 3927 rem
1004 3861 1162 3952 agendum

107 3993 165 4036 non
180 3997 297 4062 parum
315 3974 474 4039 momenti
492 3973 533 4038 sit
552 3972 757 4052 habiturum;
779 3972 811 4034 in
827 3972 942 4050 latino,
955 3992 1022 4033 uno
1035 3985 1161 4032 tantum

107 4099 191 4144 versu
210 4081 262 4167 (v.
287 4081 372 4168 109)
393 4098 426 4145 et
450 4081 542 4169 quasi
559 4080 665 4144 obiter
688 4063 895 4142 memoratur.
920 4073 1034 4140 Redux
1053 4077 1159 4138 Creon

19 4225 20 4267 ,
105 4183 208 4262 jubere
227 4187 330 4252 deum
354 4188 499 4273 nuntiat,
526 4203 562 4252 ut
586 4209 672 4250 mors
689 4185 757 4250 Laii
777 4184 932 4273 expietur.
958 4182 1041 4262 Quis
1063 4181 1163 4244 fuerit

1002 4292 1035 4358 gl
