3240 5138
683 449 722 514 L.
750 447 923 516 ANNAEI
948 449 1164 520 SENECAE

446 581 614 651 Lumbunt
633 579 800 650 colubres:
819 579 938 674 viperis
959 575 1097 649 horrent
1113 580 1220 673 jnbae3

446 693 647 782 Longusqne
669 701 757 757 torte
779 683 888 756 sibilat
904 685 1010 756 cauda
1027 686 1128 756 draco
1144 714 1151 754 :
1168 699 1171 707 “

444 798 509 864 Par
525 797 575 862 ira
590 792 714 864 sormoe.
732 793 839 862 Sensit
855 806 894 860 ut
910 807 1020 861 motus
1036 793 1176 887 pedum,

445 899 573 970 Attollit
591 899 694 968 hirtas
710 923 817 993 angue
840 898 1113 984 vihmto‘comas,

445 1008 650 1100 Missumqne
671 1019 784 1100 captat
802 1029 880 1074 anre
899 1004 1053 1075 subrecta
1069 1028 1206 1093 sonum,
1415 1049 1453 1088 790

445 1115 572 1183 Seutire
591 1127 624 1180 et
642 1112 775 1182 umbras
794 1109 917 1180 solitus.
937 1113 985 1180 Ut
1000 1107 1136 1206 propior
1154 1113 1241 1181 stetit

442 1223 526 1288 Jove
541 1233 654 1300 natus,
672 1233 768 1289 antro
784 1217 867 1287 sedit
884 1220 1029 1300 incertus
1043 1219 1150 1304 cunis,

443 1329 488 1394 Et
506 1340 644 1418 uterque
665 1325 784 1393 timuit.
807 1327 911 1411 Ecce,
932 1323 1054 1394 latratu
1075 1325 1167 1418 gravi

390 1514 450 1574 pter
463 1499 592 1556 soniossru
603 1499 657 1553 oris
670 1497 757 1552 rubidi
768 1517 897 1571 spumam.
942 1497 975 1552 sd
986 1498 1066 1552 Herc.
1079 1498 1142 1554 OEt.
1154 1500 1219 1567 269.
1233 1497 1301 1550 Fero
1310 1497 1451 1554 Herculem

430 1585 495 1652 786.
509 1581 605 1651 Vipen's
622 1581 716 1632 homst
728 1577 805 1649 jubes.
820 1579 897 1650 Virg.
942 1580 1096 1644 timentem,
1106 1576 1152 1632 sed
1165 1595 1213 1630 sno
1228 1577 1299 1632 loco.
1311 1579 1363 1633 Hic
1378 1591 1451 1634 totus

388 1663 516 1725 AEn.V1,
529 1666 604 1729 419:
620 1685 631 1706 ι
642 1658 693 1712 Cui
706 1671 777 1712 vetes
787 1658 898 1712 horrere
942 1671 981 1711 est
993 1670 1073 1730 poeta
1087 1657 1116 1710 in
1129 1655 1303 1711 describendo
1319 1659 1449 1717 Cerbero.

388 1741 542 1812 vidensjsm
553 1739 621 1792 eolis
632 1737 796 1791 colubris...·
814 1738 898 1808 Apol·
929 1739 1015 1808 ¹cujus
1039 1736 1072 1791 de
1090 1737 1194 1808 speeie,
1208 1749 1296 1799 metu,
1316 1737 1356 1790 ira
1374 1737 1450 1792 deni-

389 1820 443 1876 lod.
456 1822 502 1884 11,
519 1812 622 1886 5εΕἶχι
639 1813 668 1870 ii
687 1810 754 1878 οὗτος
773 1821 836 1888 speie
853 1819 896 1887 μὲν
940 1836 993 1888 que
1014 1829 1154 1888 postquem
1175 1817 1260 1870 insius
1284 1814 1368 1884 dixit,
1393 1831 1450 1872 tutu

387 1909 463 1956 νωνῶν
477 1897 596 1969 κεφαλὰς,
606 1897 650 1954 τὴν
663 1894 692 1949 tt
709 1897 777 1968 οὐρὰν
793 1892 897 1968 δράκον-
940 1894 1049 1950 demum
1064 1894 1099 1950 de
1113 1897 1228 1952 Hercule
1246 1915 1353 1950 narrare
1369 1897 1449 1964 infit,

357 1972 359 1982 ¹
387 2001 444 2044 τος,
464 1977 530 2032 κατὰ
544 1973 574 2030 tt
594 1981 636 2030 τοῦ
657 1976 752 2038 νώτου,
774 1977 895 2030 παντοίων
940 1994 965 2029 ν.
983 1994 1056 2047 797,
1070 1979 1144 2048 cnjus
1158 1977 1180 2029 si
1187 1978 1241 2048 jem
1252 1976 1304 2030 hoc
1314 1977 1374 2030 loco
1382 1979 1449 2032 fecte

388 2057 451 2130 εἶχεν
464 2061 538 2128 ictos
551 2057 667 2127 οιοοολοὶς.
939 2056 1040 2109 mentio
1054 2057 1158 2120 fuisset,
1175 2056 1287 2109 nomine
1306 2056 1395 2128 aliquo
1407 2059 1449 2111 vel

427 2143 495 2210 787.
511 2139 653 2208 [offasque
667 2147 738 2188 torta.
752 2134 798 2187 Sil.
813 2135 895 2200 xm,
939 2133 1386 2207 pronomhedeunosigniiicendns
1393 2149 1449 2190 erut

389 2219 455 2289 394.
471 2245 481 2266 ι
498 2216 612 2288 Viperes
624 2216 722 2268 intrans
732 2214 897 2286 circumligat
939 2215 1010 2268 cenis
1021 2216 1050 2268 in
1063 2216 1235 2288 sequentibus
1248 2217 1327 2280 Ecce,
1340 2217 1446 2280 latratu,

387 2301 432 2354 ilie
444 2293 535 2350 ands.
555 2321 566 2344 ι
583 2293 675 2349 Cende
688 2295 801 2348 monstri
814 2307 897 2348 extre·
939 2305 989 2348 ete.
1009 2294 1164 2366 Legendurn
1186 2296 1280 2367 procul
1304 2294 1389 2348 dnbio
1411 2297 1450 2348 Et

387 2397 430 2432 ms
444 2395 490 2430 sua
499 2387 575 2448 perte
587 2387 667 2446 eaput
677 2372 798 2428 draconis
813 2374 896 2427 hube-
939 2377 1019 2446 ntique
1033 2378 1119 2432 timuit.
1135 2377 1255 2430 Incertus
1267 2373 1336 2428 sedit
1349 2375 1447 2429 Cerbe-

385 2460 450 2522 bst‚
465 2457 512 2528 qui
529 2469 556 2509 et
572 2455 601 2508 iu
619 2455 669 2507 hae
686 2471 777 2525 pugne
797 2455 897 2507 Heren-
938 2471 998 2518 rus,
1011 2452 1077 2525 qnid
1091 2455 1204 2520 ieceret3
1224 2452 1272 2508 sed
1290 2453 1319 2508 id
1338 2454 1448 2510 minime

386 2539 438 2592 lem
452 2533 625 2589 momordisse
642 2532 749 2587 dicitnr.
770 2531 893 2604 Apollod.
938 2531 1071 2586 incertum
1084 2549 1156 2599 erut,
1171 2551 1233 2590 euru
1245 2535 1336 2588 timere
1349 2533 1448 2607 (utique

386 2620 429 2682 11,
442 2616 473 2669 5:
487 2617 539 2668 Οὐκ
548 2612 635 2679 eitius,
647 2615 734 2682 οιοιίπιρ
746 2608 894 2684 δακνόμενος
938 2609 1055 2677 timuit).
1072 2614 1152 2668 Lsur.
1170 2615 1247 2668 Vella
1264 2613 1299 2667 de
1312 2615 1447 2686 elegantiis

384 2699 432 2750 isi
444 2699 485 2748 τοῦ
497 2694 564 2747 κατὰ
577 2698 621 2749 τῆν
637 2692 707 2764 οὐρὰν
720 2688 862 2762 δράκοντος.
937 2692 982 2746 let.
999 2693 1063 2764 ling.
1077 2694 1118 2759 ll,
1132 2713 1166 2765 ²7
1178 2710 1186 2746 ε
1205 2720 1216 2741 ι
1229 2695 1343 2762 Profecto
1357 2707 1384 2748 et
1397 2699 1446 2748 uti·

427 2765 833 2845 7ss.1³artms0rmoe.nan0n
844 2773 893 2824 mi·
937 2791 982 2844 qne
994 2771 1051 2826 sine
1063 2771 1148 2828 dnbio
1165 2773 1315 2838 sffirmmt3
1332 2771 1379 2826 sed
1393 2774 1446 2828 hoe

386 2851 581 2908 nustremende
591 2870 671 2923 quum
682 2851 776 2906 forms.
788 2883 829 2897 -
838 2851 895 2906 Sere
937 2851 1085 2906 secundum
1098 2869 1233 2924 nunquam
1248 2867 1293 2907 ant
1307 2854 1362 2906 iere
1376 2873 1445 2908 nnn·

386 2938 419 2986 sit
429 2947 458 2986 ut
469 2930 894 3003 mouendumttostmmvidenu
937 2929 1016 3001 i1uum
1036 2931 1109 3004 apud
1126 2933 1298 2996 Ciceronem,
1314 2931 1385 3005 apud
1396 2953 1445 3006 po-

386 3015 529 3085 respexisse
549 3011 663 3073 Statius,
677 3011 762 3064 Theb.
778 3012 820 3075 11,
838 3014 893 3064 26:
937 3011 1059 3065 steriores
1073 3011 1240 3084 frequenter,
1255 3026 1305 3068 etc.
1324 3039 1335 3059 ι
1349 3013 1445 3068 Cieero

391 3119 402 3142 ο
421 3093 484 3146 flios
500 3105 530 3144 ut
541 3109 610 3145 ceco
623 3092 753 3144 recubans
764 3092 791 3143 in
802 3092 894 3144 limine
937 3107 1043 3162 qnoque
1057 3090 1091 3144 sd
1105 3093 1185 3146 Attic.
1197 3093 1269 3158 XII,
1284 3096 1300 3146 8
1311 3111 1319 3146 :
1332 3105 1355 3144 et
1365 3095 1446 3166 Pyltoe

388 3173 468 3227 sensit
485 3171 632 3232 Cerberus,
651 3184 729 3242 atque
747 3189 839 3224 ornnes
854 3189 895 3224 ee·
936 3171 1130 3239 satisfaciendum
1144 3184 1195 3236 est,
1212 3184 1237 3224 et
1251 3177 1331 3246 utrque
1343 3174 1443 3226 Atticos

387 3253 473 3325 pitum
483 3251 601 3304 subrexit
609 3251 712 3315 hiatus,
723 3249 811 3304 Surus
821 3262 849 3304 et
856 3251 896 3304 in·
937 3249 973 3302 Et
988 3251 1026 3303 sic
1039 3251 1142 3322 sepius.
1157 3252 1336 3306 Evenescente
1356 3264 1443 3306 sutem

387 3333 468 3386 trunti
481 3332 601 3402 populo,
616 3333 669 3402 jem
686 3331 761 3401 nigra
778 3331 895 3384 tumebat
938 3329 1039 3384 iliters
1058 3331 1087 3384 in
1104 3334 1198 3401 ntique,
1217 3332 1371 3402 conspicere
1392 3333 1443 3386 sibi

385 3411 461 3466 Coiln
473 3412 570 3464 minax.
587 3436 598 3458 ι
937 3409 988 3462 visi
1007 3409 1106 3463 tuerint
1123 3410 1227 3464 librarii
1246 3413 1345 3484 ut'qne,
1359 3409 1388 3463 id
1406 3424 1445 3465 est

424 3489 895 3562 789.Angroevibrato.Ereetissngui·
937 3501 1048 3560 uterque5
1063 3489 1196 3562 siquidem
1217 3491 1263 3544 tati
1283 3489 1444 3560 compendio

386 3570 504 3640 btu‚qui
514 3570 553 3622 iiii
563 3571 691 3641 qnasipro
699 3569 801 3641 cupillis
809 3581 879 3622 sunt.
936 3568 989 3622 hoe
1008 3569 1119 3623 alterum
1142 3571 1259 3624 scrihere
1280 3569 1411 3624 solebant.
1429 3597 1440 3617 ι

429 3667 493 3720 791.
513 3649 605 3702 Smtire
626 3662 651 3700 et
667 3649 767 3702 umbras.
789 3649 893 3702 Tenues
935 3647 995 3701 Hoc
1009 3649 1122 3702 omnino
1137 3650 1233 3704 nititur
1247 3649 1343 3704 Bothei
1357 3668 1446 3704 ernen-

385 3730 493 3783 umbres
506 3729 562 3781 sine
577 3729 665 3782 sonitu
687 3741 779 3782 euntes
801 3729 892 3782 solitus
935 3725 1026 3793 daun,
1043 3727 1134 3801 quod,
1158 3743 1218 3802 post
1236 3743 1332 3800 uterque
1350 3735 1443 3795 timuit,

383 3821 471 3862 temen
485 3805 586 3860 andire.
934 3808 1077 3878 significari
1086 3811 1321 3881 oporteatnurnine
1327 3807 1443 3881 quodam

426 3888 492 3958 793.
510 3888 613 3959 Uterque
627 3889 711 3940 tristuit.
722 3885 765 3940 Ad
776 3888 832 3941 huc
845 3889 892 3940 Bo-
936 3901 980 3940 ant
992 3889 1167 3958 pronomine,
1179 3890 1237 3960 quis
1249 3891 1304 3941 loeo
1317 3902 1383 3942 mutu
1394 3903 1443 3942 ter·

385 3969 476 4031 theus,
490 3967 511 4020 si
521 3967 611 4020 minus
622 3979 708 4032 recte,
718 3980 745 4020 et
752 3969 842 4021 saltem
852 3968 892 4020 in·
935 3979 1005 4029 τεοῖο
1026 3967 1086 4034 sed,
1100 3969 1161 4040 quie
1176 3987 1225 4040 per
1242 3987 1270 4022 se
1288 3969 1388 4022 clarum
1404 3981 1444 4024 est

385 4049 512 4120 geniose:
532 4073 542 4093 ι
558 4045 635 4098 Haud
650 4045 774 4117 equidem
786 4047 889 4110 neseio,
933 4047 1071 4102 referenda
1085 4047 1118 4102 sd
1132 4068 1239 4114 cenem,
1255 4068 1310 4104 non
1327 4048 1361 4103 sd
1374 4049 1443 4103 Her·

384 4145 444 4200 qne
462 4128 620 4199 interpretes
636 4146 714 4198 supra
730 4127 763 4180 sd
775 4147 799 4182 v.
814 4127 847 4191 45
863 4140 890 4178 et
934 4128 1035 4194 culeus,
1046 4129 1127 4182 verbu
1139 4130 1229 4182 latratu
1238 4132 1405 4200 gravitaret,
1416 4142 1443 4182 et
