3070 5158
378 482 903 574 tutunnvunstouns
1098 481 1163 570 461

104 593 265 666 Gronovini
280 627 335 663 non
352 609 409 663 sine
422 613 483 681 jure
497 611 633 663 Etruscam
650 612 788 664 lectionem
803 613 940 682 probavit,
958 629 1037 682 quam
1054 625 1081 666 et
1095 631 1167 684 prta·

104 694 192 746 tulere
207 691 374 743 recentiores.
391 690 506 742 Botbeus
520 703 625 752 tamen,
645 709 727 761 quum
745 691 866 743 nonnulli
886 692 946 743 libri
963 693 1028 744 datis
1045 711 1095 762 pro
1113 694 1169 745 date

103 773 233 834 babeant,
245 770 324 822 scribi
338 769 429 822 malit:
441 785 453 811 <¹
465 769 567 822 Ponitis
581 772 680 821 serrum
697 771 785 832 ocius,
800 773 838 823 Ac
849 761 930 840 (dico
939 808 947 835 ,
957 785 987 824 ut
998 791 1101 842 aequum
1115 765 1170 841 est)

104 851 226 902 dexteras
238 848 314 901 matri
328 847 415 901 datis?
427 849 509 911 Date,
522 847 586 902 dum
596 850 646 919 piar
656 849 733 901 sunt!
750 875 761 895 ι
777 843 840 901 Non
851 848 923 919 quod
936 852 1078 918 speciosam
1093 866 1172 922 neget

105 929 223 982 Floreat.
244 926 303 981 cod.
319 927 479 979 lectionem:
497 925 542 978 sed
561 929 615 998 jam
633 929 736 998 scripsit
751 927 861 990 Noster,
877 946 903 980 a.
922 935 992 998 447,
1008 931 1082 982 Hunc
1094 936 1169 1000 petite

104 1022 229 1067 vennam,
242 1010 283 1080 qui
293 1007 358 1058 dedit
362 1007 455 1073 fratres
466 1011 536 1057 ulra:
547 1025 601 1058 non
614 1019 651 1059 est
661 1007 743 1076 igitur
752 1027 800 1059 cur
808 1009 912 1060 Jocastn
921 1009 1042 1078 subjiciat
1051 1012 1095 1062 Au
1103 1011 1172 1075 dieo,

105 1101 132 1138 et
148 1109 177 1139 ea
192 1083 257 1155 qua?
272 1087 323 1138 hoc
338 1086 410 1138 eninr
424 1086 511 1156 ipsum
526 1083 600 1138 dixit.
613 1087 693 1138 Recte
706 1099 732 1140 et
744 1099 819 1139 acute
832 1087 956 1139 Botheus.
967 1089 1049 1139 Multa
1063 1088 1171 1160 quidem

105 1167 182 1220 istius
194 1166 295 1236 generis
305 1167 333 1218 in
346 1165 443 1218 Nostro
456 1177 619 1219 occurrunt:
634 1163 679 1217 sed
692 1183 746 1235 quo
758 1167 836 1236 plura
848 1165 1018 1218 inveniuntur
1031 1167 1059 1218 in
1070 1169 1172 1222 sincero

105 1259 136 1299 et
150 1265 212 1298 aero
226 1246 296 1297 illius
315 1257 438 1297 contextu
457 1261 516 1314 quta
535 1243 694 1315 reprebendi
707 1257 816 1314 queant,
834 1245 875 1296 vel
896 1246 964 1298 male
982 1264 1114 1310 connexa,
1129 1248 1171 1300 ael

106 1327 179 1379 inter
191 1344 218 1377 se
230 1324 375 1388 contraris,
393 1343 425 1376 eo
443 1321 595 1394 diligentius
611 1323 773 1387 cavendum,
786 1342 820 1376 ne
832 1324 861 1376 in
874 1325 911 1376 eis
924 1343 983 1396 quse
1000 1325 1174 1379 emendantur

108 1418 137 1458 et
149 1423 181 1456 ex
193 1403 352 1474 conjecturis
366 1403 522 1455 reficiuntur
536 1416 636 1456 temere
650 1415 781 1474 peccetur.

151 1483 216 1545 453.
238 1484 268 1535 In
288 1501 338 1534 nos.
358 1483 424 1536 Phil.
442 1485 548 1535 Asceus.
566 1483 671 1552 Grypb.
698 1483 770 1536 Petr.
790 1481 892 1536 Fabric.
913 1483 985 1535 Delr.
1004 1487 1029 1534 in
1047 1504 1100 1536 aas.
1120 1484 1171 1537 Sed

106 1563 211 1616 notarit
227 1562 299 1614 Deir.
315 1562 343 1612 in
361 1561 468 1632 Egvian.
488 1581 542 1614 esse
561 1565 587 1613 in
606 1563 661 1626 hos,
681 1561 754 1633 quod
777 1562 854 1614 Grut.
878 1561 1012 1627 laudavit,
1036 1562 1170 1617 declarans

107 1643 153 1694 aix
167 1661 250 1694 unum
266 1659 321 1693 esse
335 1659 366 1693 ex
381 1641 458 1693 MSS.
472 1643 521 1711 qai
535 1653 584 1694 stet
601 1659 651 1711 pro
665 1642 745 1693 altera
762 1641 884 1695 lectione.
1136 1634 1140 1646 ’

150 1721 218 1785 455.
235 1721 319 1772 Utrum
334 1721 422 1772 velitis.
436 1721 517 1773 Paris.
534 1722 622 1785 8026,
634 1724 725 1772 utinam
735 1722 823 1774 velitis.

152 1801 218 1864 456.
239 1801 337 1852 Donate
359 1812 456 1852 matrem
476 1819 544 1870 pace.
569 1799 613 1852 Sic
634 1802 729 1853 haunt.
748 1801 827 1853 Vinn.
853 1799 958 1873 Gryph.
978 1800 1048 1854 Petr.
1069 1802 1171 1856 Fabric.

108 1881 225 1951 Raphel..
247 1879 377 1934 Commel.
400 1879 479 1932 Grut.
504 1879 596 1932 Heius.
619 1895 646 1932 et
669 1881 838 1932 recentiores.
860 1884 896 1932 At
920 1881 998 1932 Fero.
1020 1881 1054 1932 Is.
1076 1881 1172 1934 Philol.

107 1961 221 2013 Ascens.
238 1972 264 2011 et
277 1977 369 2012 omnes
383 1959 459 2012 MSS.
470 1959 557 2011 donate
569 1962 642 2010 matri
653 1977 752 2028 pactum·
773 1958 862 2031 quod,
885 1977 967 2030 quum
986 1960 1028 2011 lex
1048 1961 1173 2014 carminis

108 2038 216 2091 admitti
237 2055 291 2090 non
315 2039 445 2108 patiatur,
466 2039 561 2108 reponi
584 2049 671 2089 tamen
692 2037 802 2109 jubebat
822 2039 1001 2092 Commelinus
1019 2040 1174 2094 :fatebatur

108 2116 219 2189 quidem
237 2117 352 2188 Scaliger
373 2118 422 2171 hac
443 2119 558 2171 lectione
580 2130 665 2170 metro
684 2136 739 2170 non
763 2119 824 2170 satis
846 2119 920 2183 lieri;
941 2130 968 2170 nt
986 2117 1022 2171 sic
1041 2119 1174 2188 postulare

108 2197 286 2262 sententiam,
305 2211 332 2249 et
347 2198 480 2269 vulgatam
498 2199 616 2268 ineptam
635 2215 689 2249 esse
707 2197 907 2268 pronuntiabat.
921 2196 1088 2262 Gronovius,
1101 2199 1174 2268 quasi

109 2296 173 2330 cum
192 2275 321 2348 Scaligero
340 2278 491 2341 conveniat,
513 2277 673 2348 conjecturis
691 2276 780 2329 iocum
801 2277 966 2348 aggreditur,
987 2289 1013 2329 et
1032 2275 1174 2347 legendum

110 2355 259 2421 existimat,
272 2356 369 2408 Donate
384 2361 457 2408 matri
472 2356 543 2408 tetta.
561 2353 692 2408 badenius
707 2373 831 2427 qnoque,
845 2374 880 2408 ne
897 2356 1007 2409 inferior
1025 2356 1132 2426 ingenio
1149 2368 1175 2410 et

109 2435 257 2489 subtilitate
264 2437 442 2504 habeatur,sio
453 2432 590 2488 emendat:
600 2435 697 2487 Donate
704 2440 803 2488 matri...
808 2443 895 2505 parce!
904 2440 926 2488 si
931 2436 1025 2504 placuit
1033 2437 1116 2499 scelus,
1124 2448 1173 2488 etc.

110 2515 175 2568 Hae
192 2515 295 2584 longius
311 2517 392 2586 petita
412 2527 438 2568 et
455 2516 550 2567 frustra
568 2515 714 2584 excogitata
733 2516 860 2576 arbitror,
883 2534 965 2585 quum
994 2531 1174 2584 sepenumero

110 2595 204 2646 donare
221 2613 283 2647 cum
305 2614 390 2648 accus.
414 2611 534 2666 persono
558 2607 583 2646 et
604 2594 685 2646 ablat.
706 2594 746 2646 rei
771 2607 927 2665 usurpetur,
951 2593 1063 2664 ideoque
1089 2594 1177 2646 donate

113 2687 212 2726 matrem
231 2693 292 2742 pare
315 2674 426 2744 perinde
448 2674 551 2738 valeat,
579 2674 600 2726 si
629 2691 732 2725 sensnm
754 2686 871 2742 spectes,
898 2686 978 2744 atque
997 2673 1085 2724 donate
1105 2677 1177 2724 matri

107 2773 202 2825 pacem
217 2753 262 2806 sio
274 2752 331 2806 Cic.
348 2773 399 2824 pro
416 2753 499 2806 Arch.
513 2772 536 2804 c.
550 2753 584 2804 3:
602 2752 727 2802 Tarentini
745 2753 807 2802 huna
824 2755 918 2804 ciuitate
933 2755 1058 2823 ceterisque
1069 2756 1177 2821 proenaiis

112 2835 241 2885 donarunt.
250 2832 317 2884 SicJ
320 2833 420 2885 ustinus
430 2833 497 2898 ‚XL
511 2834 545 2884 6:
561 2831 629 2892 Eos,
642 2829 807 2901 quiaesidere,
823 2834 908 2882 statuis
918 2831 1061 2901 equestribus
1070 2831 1177 2884 donauit.

113 2913 157 2966 Sic
169 2912 270 2964 Tibull.
282 2912 336 2974 111,
352 2929 380 2977 r,
394 2928 426 2963 ar
442 2929 449 2962 ε
464 2911 602 2982 limpham
612 2909 685 2978 longa
697 2909 785 2961 &nuto
793 2911 870 2961 salute
877 2929 888 2970 ,¹
900 2923 927 2964 et
935 2909 1028 2962 Horat.
1037 2909 1087 2973 IV,
1095 2909 1140 2963 od.
1152 2931 1178 2975 a,
1234 2964 1241 2982 x

112 3012 139 3044 v.
155 2989 316 3060 9:Pindarus
325 2991 407 3042 laurea
418 2990 543 3041 donandus
551 2989 707 3058 Apollinari,
721 3001 770 3041 etc.
785 3021 812 3031 -
822 2989 851 3042 Si
856 2988 957 3060 placuit.
972 2989 1072 3041 Omnes
1081 2989 1175 3042 Parisa.

111 3067 191 3132 (uno
208 3083 336 3140 excepto,
351 3069 441 3133 8036,
455 3071 502 3140 qui
515 3070 595 3121 habet
606 3072 630 3120 si
638 3059 749 3138 placuit)
763 3069 887 3122 exhibent
902 3073 923 3121 si
936 3069 1033 3138 placet,
1056 3067 1129 3139 quod
1147 3068 1176 3120 in
1202 3079 1203 3084 ’

111 3163 229 3221 quatuor
237 3150 314 3202 tiss,
325 3149 434 3203 Gruteri
444 3150 508 3201 etin
520 3148 665 3201 Scholiasta
671 3146 805 3219 quondam
815 3149 951 3200 inventurn
962 3160 1015 3201 est:
1025 3147 1062 3200 sic
1072 3165 1178 3218 quoque

112 3243 178 3284 vett.
191 3229 263 3281 editt.
277 3231 354 3281 Fern.
366 3231 400 3282 ls.
411 3228 480 3282 Phil.
490 3232 597 3281 Ascens.
607 3227 662 3281 Nec
671 3226 818 3300 spernenda
829 3227 898 3281 foret
907 3228 998 3291 lectio,
1009 3227 1061 3279 nisi
1070 3243 1179 3297 perraro

112 3324 140 3362 et
155 3310 183 3361 in
197 3309 282 3362 verbis
299 3321 401 3362 tanturn
416 3325 474 3379 qute
488 3320 602 3378 quatuor
614 3306 721 3378 syllabis
735 3319 870 3372 constent,
886 3307 993 3359 iambus
1008 3305 1099 3377 quinta
1117 3304 1179 3358 sede

114 3400 247 3442 occurrat.

160 3468 225 3536 457.
241 3469 359 3519 Paratum
370 3479 413 3520 est.
426 3467 555 3521 Nonnulli
566 3481 688 3538 peractum
706 3480 742 3519 est
761 3457 878 3536 (Arent.
893 3467 973 3519 Vinn.
991 3466 1062 3519 Petr.
1079 3464 1183 3530 Fubric,

113 3540 280 3614 Commel.);
292 3547 381 3618 quasi,
396 3548 501 3600 vivente
514 3561 539 3601 et
554 3549 680 3620 loquente
694 3560 790 3612 matre,
803 3547 894 3619 peragi
906 3549 989 3600 scelus
999 3545 1130 3616 potuerit!

158 3627 223 3692 459.
240 3627 351 3678 Sollicita
370 3647 433 3679 nunc
452 3631 499 3680 cui.
521 3627 640 3680 Gronov.
655 3628 762 3698 Bipont.
776 3627 854 3679 Both.
872 3639 898 3678 et
913 3625 1022 3678 Budenii
1038 3624 1180 3676 lectionem

113 3726 172 3758 non
187 3707 297 3760 nictari.
311 3709 435 3760 Attamen
445 3712 489 3758 vix
503 3707 569 3760 mihi
581 3707 741 3776 temperavi,
753 3707 895 3778 quominus
907 3707 979 3758 illam
991 3706 1098 3756 aiteram
1108 3723 1186 3775 repo·

114 3804 208 3837 uercnt
215 3825 222 3847 ,
229 3803 308 3855 quarn
315 3785 394 3839 Fern.
403 3786 505 3839 Isoard.
515 3789 620 3840 Ascens.
628 3785 704 3840 editt.
712 3798 740 3838 et
748 3805 839 3839 omnes
850 3787 933 3838 nostri
944 3785 1037 3837 Pariss.
1048 3783 1185 3845 exhibent,

116 3868 157 3914 cni
171 3865 274 3916 sollicita
291 3885 361 3918 nunc.
385 3867 447 3920 Non
466 3879 505 3918 est
525 3867 596 3919 enim
611 3885 660 3918 cur
674 3867 731 3918 haec
746 3864 914 3938 repudietur,
937 3883 1020 3936 quum
1039 3864 1185 3933 tribrachys

117 3961 187 4013 sepe
205 3944 320 3997 secunda
338 3943 399 3997 sede
418 3957 558 4010 occurrat,
572 3960 599 3998 et
618 3948 655 3998 sic
670 3944 810 4016 dispositus
824 3963 914 3998 versus
927 3945 1013 3997 lenius
1024 3943 1186 4011 liberiusque

118 4023 192 4075 llatat.
211 4023 263 4076 Setl
278 4025 391 4078 Etrusco
402 4024 486 4078 codici
502 4026 529 4076 in
543 4027 643 4080 tantula
658 4045 687 4078 re
702 4025 824 4094 refragari
837 4043 891 4078 non
906 4025 971 4078 tanti
988 4041 1042 4076 esse
1055 4022 1188 4092 judicari,
