3168 5140
416 536 694 647 anusrns.
725 577 834 646 scr.
863 579 938 646 nn

244 707 385 792 Medus,
407 721 442 775 et
459 707 575 777 Phoebi
598 711 763 803 propioris
781 709 903 795 Indue,

247 817 291 882 Et
307 817 387 882 Daae
405 815 536 884 Parthis
555 818 701 909 equitem
721 817 856 900 minati,

245 920 372 988 Anxius
388 935 556 1014 sceptrum
576 936 687 1008 tenet,
704 937 738 990 et
757 936 928 990 moventes

246 1028 376 1095 Cuncta
394 1025 521 1095 divinat
538 1025 729 1122 metuitque'
742 1049 838 1096 casus

247 1132 388 1230 Mobiles
410 1155 542 1220 rerum,
560 1133 763 1229 dubiumque
782 1147 923 1228 tempus.

247 1239 337 1321 Vos,
355 1237 474 1332 quibus
493 1253 603 1308 rector
625 1242 724 1310 ruatis
746 1254 845 1333 atque
863 1254 958 1307 terrie

246 1345 305 1411 Jus
326 1343 418 1412 dedit
440 1369 597 1440 maguum
616 1348 707 1416 necis
726 1359 825 1440 atque
844 1347 938 1429 vitta,

247 1451 362 1519 Ponite
382 1451 513 1520 inflatos
535 1452 745 1548 tumidosque
763 1450 898 1520 vultus:

139 1603 149 1620 .
247 1554 418 1650 Quidquid
435 1581 454 1624 a
477 1558 571 1628 vobis
588 1561 699 1628 minor
712 1558 915 1645 extimescit,
1170 1587 1211 1626 sn

247 1661 357 1755 Major
373 1662 438 1733 hoc
461 1663 554 1733 vobis
572 1664 726 1734 dominns
742 1665 905 1733 minatur:

136 1847 165 1886 et
180 1833 313 1888 historiens
331 1835 396 1890 fidei
415 1837 602 1892 affirmatione.
614 1869 654 1884 -
698 1859 764 1904 ποις
778 1857 861 1911 quum
874 1840 936 1892 Dae
948 1839 1051 1894 Parthis
1062 1840 1114 1893 sint
1127 1840 1209 1894 ricini

136 1914 246 1966 Posuere
265 1915 334 1968 belia.
356 1917 402 1970 Sil.
422 1918 473 1980 IV,
490 1918 545 1988 397
562 1937 569 1971 :
584 1920 653 1971 .1n-
698 1933 724 1975 et
735 1919 853 1972 finitimi.

136 2009 191 2062 qne
203 1994 289 2048 vicem
302 2010 392 2066 erepta
404 2011 553 2068 posuerunt
564 1998 653 2070 prelis
739 1999 803 2052 605.
815 1999 924 2052 Dininet.
937 1998 1038 2051 Anxius
1047 2011 1085 2050 est
1095 1999 1121 2051 in
1132 1998 1209 2064 solio,

137 2072 202 2126 vita.
212 2099 224 2120 ι
697 2079 759 2150 quie
770 2078 890 2149 praesngit
901 2079 1000 2150 quibus
1011 2076 1143 2130 movenda
1156 2078 1211 2132 sint

183 2155 248 2206 60².
257 2155 345 2207 Plaoebi
356 2160 477 2227 propioris
491 2157 573 2210 Indus.
587 2157 652 2210 Elli-
697 2159 787 2212 omnis
793 2159 896 2211 casibus
902 2170 930 2210 et
938 2158 1086 2228 premetuit
1096 2159 1210 2210 fortunae

137 2232 207 2302 psit,
217 2253 267 2304 pro
281 2260 292 2282 ι
303 2233 387 2288 ludus
398 2237 521 2308 proximo
531 2237 581 2290 soli
591 2237 653 2290 sub·
698 2239 776 2292 vices.
788 2237 1209 2292 .1)ivinateasusmovemeecun-

135 2313 653 2382 jectus·.Flor.IV‚1a:Habitentessnb
696 2329 752 2383 cte,
768 2319 805 2370 ait
820 2318 952 2388 Scaliger,
968 2330 994 2370 et
1009 2318 1079 2388 ipsos
1096 2317 1210 2370 tietuini

137 2395 327 2462 weseielndi.
695 2398 820 2451 mobiles.
841 2397 951 2450 Groecus
972 2395 1083 2450 dixisset
1107 2399 1209 2450 ὄσσεται

180 2473 245 2528 603.
264 2475 364 2528 Partitis
380 2479 480 2548 equitem
498 2480 591 2530 mitrati.
609 2479 653 2528 In·
695 2478 738 2534 riis
748 2485 797 2530 τῶν
807 2474 1143 2548 ἁνθρωπιίωνπσλιμὸολίαν.
1153 2476 1209 2528 Νο-

136 2555 291 2625 terrogabat
304 2555 419 2626 Scaliger
429 2555 493 2626 quid
507 2555 540 2610 sit
551 2561 652 2629 equitem
695 2570 753 2610 tum
770 2557 835 2629 quid
852 2557 988 2618 Homero,
1004 2555 1070 2608 nnn&
1087 2557 1208 2620 ὄσσεταις

138 2635 236 2687 minari.
250 2632 303 2687 Sed
316 2635 482 2688 usitatissime
498 2649 538 2688 est
550 2635 652 2689 locutio
695 2636 789 2703 idest,
800 2635 927 2709 quodbic
938 2635 1046 2700 dicitur,
1058 2634 1205 2688 divinare.»

137 2713 228 2764 minari
239 2715 334 2786 aliquid
345 2733 394 2786 pro
409 2741 421 2762 ι
436 2716 532 2768 minari
551 2735 587 2768 ne
600 2716 652 2769 hoc
694 2716 806 2770 Homer.
824 2714 920 2786 Odyss.
931 2717 974 2779 X,
987 2713 1061 2784 374:
1074 2707 1133 2768 lu'
1144 2716 1207 2785 ἥμην

136 2790 226 2861 ipsum
236 2793 444 2848 instrumentum
452 2795 567 2850 nocendi
575 2796 651 2848 fiat».
695 2798 873 2868 moqqovinn,
894 2794 961 2848 κακὰ
981 2789 1008 2845 d·
1021 2795 1109 2848 iecere
1126 2795 1208 2863 θυμός.

137 2871 202 2924 Dese
218 2873 390 2926 minabantur
404 2875 505 2946 equites
518 2876 652 2938 suoquer·
696 2875 790 2930 Senec.
806 2895 849 2946 ep.
866 2882 901 2943 94
920 2893 926 2926 ε
944 2874 1108 2926 Ostendetur
1123 2877 1210 2924 consti-

138 2949 208 3016 this,
230 2953 247 3006 i.
266 2972 290 3006 e.
309 2953 481 3008 minabuntur
499 2973 533 3008 ne
550 2955 653 3025 equites
696 2959 786 3008 tutione
799 2957 871 3025 vulgi
883 2953 979 3016 batos,
995 2958 1020 3007 in
1034 2957 1081 3006 isto
1093 2953 1209 3004 invtitmo

137 3048 218 3096 suos,
235 3033 283 3105 qui
301 3034 338 3087 eis
354 3035 519 3106 precipuum
533 3033 653 3108 bellqndi
691 3037 854 3104 fastigiosum
870 3045 992 3088 trementes
1005 3045 1029 3084 et
1044 3036 1207 3086 attonitos.....

137 3111 224 3164 robur
243 3125 335 3177 erent,
353 3111 381 3166 in
397 3114 509 3168 Parthos
524 3115 652 3166 immitte·
695 3117 783 3186 Itaque
794 3118 962 3167 exanimantur
975 3126 999 3164 et
1010 3111 1143 3182 trepident,
1153 3131 1211 3182 quo·

136 3202 209 3244 rent.
229 3193 285 3246 Cic.
306 3192 415 3246 Tuscui.
437 3195 466 3258 1,
485 3193 521 3257 43
542 3212 549 3246 :
571 3195 651 3262 Quum
695 3197 739 3246 ties
752 3195 911 3265 despexerunt
923 3197 948 3244 in
962 3191 1025 3250 illini
1037 3190 1209 3260 magnitudinis

139 3269 259 3338 Cyrenaeo
285 3273 410 3324 Theodoro
432 3275 587 3346 Lysimachus
610 3293 652 3325 ree
695 3293 746 3326 srtoe
764 3293 879 3344 preceps.
905 3271 1023 3341 Cogitant
1042 3274 1103 3322 enim
1126 3273 1210 3322 nerins

137 3367 230 3404 crucem
244 3355 384 3415 minmtnr,
402 3379 413 3400 ·
424 3354 484 3406 Istis
497 3371 602 3424 quisse,
615 3357 652 3404 in·
695 3373 781 3416 casus,
794 3365 819 3405 et
831 3356 857 3404 in
870 3351 967 3404 sublimi
978 3353 1079 3402 menime
1092 3349 1211 3403 lubricos:

136 3432 207 3500 qnit,
226 3432 275 3484 ista
290 3432 430 3486 horribilia
447 3433 571 3485 minitere
586 3450 652 3502 pur·
696 3430 1016 3504 tunceppetitesonnidant,
1027 3442 1052 3482 et
1062 3427 1211 3502 quoeetilius

137 3511 243 3578 putetis
256 3512 324 3576 tuis,
337 3512 457 3565 etc-Sic
466 3530 575 3583 quoqne
584 3512 653 3564 intra
694 3532 780 3582 graves
793 3513 849 3566 eliis
864 3511 952 3574 reddit,
968 3514 1069 3580 gmnior
1083 3512 1140 3580 ipsis
1148 3510 1210 3576 seli·

136 3605 164 3640 v·
184 3593 260 3654 611,
276 3591 319 3642 ime
333 3591 402 3644 uobis
418 3592 526 3643 dominns
540 3595 651 3644 minetur.
695 3596 756 3644 cites
769 3591 892 3648 incumbit.

137 3669 254 3741 Equitem
268 3690 332 3724 vero
344 3690 395 3742 pro
410 3675 533 3742 equitatu,
550 3683 581 3723 nt
594 3690 652 3740 sup.
737 3676 806 3726 606.
818 3671 971 3742 Dubinmque
985 3681 1082 3738 tnnptts.
1097 3668 1156 3721 Hoc
1170 3682 1212 3722 est

140 3751 209 3803 185.
224 3750 305 3816 Quod
319 3749 394 3804 addit
407 3751 540 3820 Scaliger,
553 3751 654 3804 scilicet
696 3751 831 3823 pericula,
845 3769 887 3806 res
902 3747 1033 3806 adversus.
1051 3747 1143 3801 Horat.
1159 3750 1209 3812 tv,

137 3829 254 3883 alterum
267 3832 399 3902 populum
411 3831 444 3883 ab
455 3831 539 3884 altero
552 3831 588 3883 ita
598 3829 652 3882 dis-
696 3829 741 3884 od.
762 3848 792 3899 9„
808 3850 834 3885 v.
855 3831 891 3884 35
908 3847 914 3882 :
937 3829 1070 3881 siluimus
1086 3826 1208 3882 mundis

135 3909 231 3980 jungi,
255 3922 286 3962 ut
307 3910 374 3964 alter
393 3909 468 3963 elteri
487 3909 583 3962 minari
607 3928 652 3962 ue·
698 3911 866 3981 temporibus
879 3908 1023 3979 dubiisque
1035 3921 1157 3962 rectus.-

137 4001 234 4060 queat‚
250 3989 315 4044 ferri
334 4002 455 4061 poteret,
475 4009 560 4061 quum
574 3990 653 4042 Dnece
737 3995 803 4059 607.
817 3991 846 4042 V
843 4010 877 4042 es.
891 3991 985 4060 Reges.
999 4019 1040 4033 -
1050 3989 1147 4052 flector,
1162 3990 1211 4056 qui

137 4069 288 4140 legeretur;
307 4069 354 4123 sed
374 4090 407 4124 ex
424 4088 457 4122 eo
477 4070 535 4142 ipso
553 4069 652 4122 inferre
696 4069 787 4123 omnia
810 4069 923 4140 imperio
952 4087 1001 4122 sno
1025 4068 1113 4139 tegit;
1135 4086 1211 4119 nem·
1273 4091 1276 4098 ·

138 4147 234 4203 debuit
255 4149 296 4202 vir
318 4148 486 4204 doctissimus
508 4149 653 4221 legendum
697 4167 732 4221 pe
747 4148 907 4220 Jupiter,ut
922 4144 1087 4222 insequenti
1104 4147 1209 4200 Horatii

139 4230 215 4294 uae,
233 4241 264 4283 ut
279 4247 352 4284 nunc
370 4230 496 4284 contenit
512 4231 583 4288 iuter
596 4247 653 4282 ont·
699 4229 831 4300 exemplo.

992 4319 1055 4404 18³
