3118 5138
268 539 316 612 30

529 519 590 610 '‘L.
618 539 794 609 nunni
823 537 1041 610 sennen

318 677 394 746 Non
414 675 492 743 vicit
506 673 599 743 illurn
615 670 735 743 caelibis
751 697 881 766 semper
896 675 959 742 tori

317 783 445 875 Regina
461 782 567 875 gentis
583 779 682 848 vidua
697 779 984 848 Thermodontiae:

317 889 388 956 Nec
404 886 447 954 ad
462 912 560 956 omne
576 883 702 956 clarum
720 883 847 954 facinus
863 884 1004 954 audaces
1022 909 1139 954 manus

317 991 444 1062 Stabuli
460 992 587 1086 fugavit
604 991 709 1085 turpis
725 991 838 1084 Augiae
854 988 957 1060 labor.

318 1099 410 1188 Quid
428 1101 489 1168 ista
504 1096 665 1192 prosunt?
682 1096 762 1164 orbe
780 1095 915 1166 defenso
933 1111 1032 1166 caret.

264 1335 380 1378 montem
406 1324 547 1392 lacumque
576 1320 686 1375 trudunt
710 1339 772 1391 por·

265 1416 379 1458 tentosas
394 1403 459 1454 olim
471 1402 551 1454 fuisse
563 1400 698 1462 volucres,
712 1418 773 1470 pro-

264 1503 325 1538 cero
340 1502 465 1554 corpore,
479 1481 570 1536 ferreis
584 1480 713 1552 capitibus
731 1497 773 1530 ro-

265 1563 377 1635 strisque
390 1574 415 1614 et
429 1560 540 1614 aduncis
553 1559 685 1634 unguibus
697 1596 705 1622 ,
715 1575 773 1630 quae

264 1643 345 1696 solem
358 1639 525 1693 multitudine
540 1659 587 1692 sus
601 1641 773 1692 obscurarent

263 1719 661 1790 volurrtes,esmposquevicinos
669 1716 773 1770 assiduo

263 1815 363 1854 terrore
378 1799 560 1862 funestarent,
575 1797 700 1850 humanis
714 1813 773 1848 car·

263 1880 341 1933 nibus
361 1879 429 1938 vesci
446 1877 536 1929 solitse.
557 1877 598 1928 Ab
620 1876 677 1948 ipso
689 1875 774 1926 Marte

267 1959 414 2011 informate
426 1957 530 2010 fuerant
539 1955 573 2009 ad
586 1954 773 2027 praelisndum,

263 2039 361 2091 ferreas
375 2055 494 2108 pennas,
508 2047 634 2108 tanquam
652 2034 718 2096 tels,
731 2037 773 2106 ja·

264 2116 391 2170 culantes.
402 2115 455 2168 Has
465 2129 553 2168 sutem
562 2114 688 2168 Hercules
699 2113 776 2185 sagit·

264 2198 297 2248 ὼ
314 2195 439 2256 coniixit;
458 2207 522 2257 aut,
541 2206 569 2245 ut
585 2190 693 2264 quidum
712 2213 773 2264 pro·

263 2274 349 2339 dunt,
364 2274 464 2346 fugarit
484 2273 703 2345 crepitacuiorum
723 2273 773 2324 tin·

262 2355 335 2422 nitu,
348 2373 406 2427 quae
417 2373 433 2405 s
445 2352 551 2405 Pallade
562 2363 706 2424 acceperat.

301 2437 361 2497 ²45.
383 2437 477 2486 celibis
495 2453 588 2500 semper
612 2435 668 2482 tori.
694 2430 775 2484 Ovid.

266 2512 375 2566 Heroid.
390 2513 477 2574 XIII,
495 2529 543 2582 ¹⁰7
557 2528 564 2562 :
583 2511 732 2581 «Aucupor
747 2510 774 2562 in

265 2594 335 2646 lecto
359 2591 498 2646 mendaces
523 2590 612 2642 celibe
633 2608 771 2642 somnos.»

235 2702 237 2710 ›
267 2671 330 2724 Vid.
344 2672 511 2724 infractura.

300 2753 360 2814 ²46.
379 2753 481 2819 Regina.
501 2747 647 2821 Hippolyte
660 2787 668 2812 ,
681 2749 773 2820 regina

265 2832 442 2888 Amazonum,
459 2829 501 2882 cui
518 2827 658 2890 Hercules,
673 2829 707 2880 sb
720 2829 773 2881 Eu-

262 2909 369 2983 rystheo
385 2911 490 2978 jussus,
513 2907 629 2960 balteum
644 2907 772 2972 detraxit,

262 3001 289 3044 et
302 2991 408 3062 apstriu
417 2990 552 3060 abreptam
563 2987 667 3040 Theseo
676 2986 774 3040 ducen-

263 3067 325 3120 dam
339 3067 420 3120 dedit.
435 3099 470 3110 --
487 3069 575 3118 Vidua.
588 3065 678 3118 Priore
696 3085 773 3120 sensu

263 3169 280 3199 a
299 3151 354 3200 vito
372 3151 465 3208 divisa,
486 3151 575 3198 orbata
592 3149 694 3214 conjuge
711 3167 773 3197 sue:

263 3226 309 3278 sed
318 3245 511 3298 nonnunquam
519 3223 552 3278 de
562 3225 670 3278 muliere
676 3225 773 3278 dicitur

263 3307 366 3358 nulium
383 3307 467 3358 virum
479 3317 593 3377 experta.
607 3306 663 3358 Liv.
678 3305 706 3367 1,
719 3308 771 3368 46:

269 3406 335 3437 ...se
341 3390 428 3437 rectius
432 3389 551 3445 viduam,
562 3400 587 3437 et
593 3387 659 3436 illum
667 3388 774 3436 calibem

256 3467 453 3536 futummfin‘sse
461 3467 619 3524 contendere,
634 3483 708 3532 quam
721 3485 775 3514 cum

265 3547 434 3612 imparijrmgi.
441 3545 517 3614 Prop.
524 3543 562 3604 Π,
571 3550 601 3605 sd
610 3560 616 3594 :
626 3541 710 3608 ·Quid
718 3543 774 3604 tibi,

266 3620 331 3695 quid
349 3621 454 3692 prodest
470 3621 561 3674 viduas
576 3619 690 3674 dormire
703 3621 776 3693 puel-

264 3699 775 3772 Iasi-DefunctoNino,Assyriorumim-

265 3778 331 3852 perii
339 3777 485 3842 conditore,
492 3779 537 3849 qui
546 3777 655 3850 Scythas
665 3781 691 3832 in
699 3778 775 3831 ditio·

266 3877 325 3912 nem
340 3873 414 3910 suam
430 3855 585 3927 redegerat,
602 3877 669 3911 tuor
683 3869 708 3911 et
725 3858 772 3910 filii

264 3940 320 4011 ejus
330 3937 413 3990 Ilinus
425 3947 449 3988 et
461 3936 620 4008 Scolopites,
630 3939 772 3992 hereditate

265 4017 376 4078 exclusi,
388 4035 448 4068 cum
459 4017 608 4072 fautoribus
619 4020 672 4072 suis
681 4020 706 4070 in
714 4019 774 4072 Sar-

266 4096 771 4165 mstismbsiaticam,ulueCsucasum,

265 4175 438 4245 confugerunt
447 4174 598 4252 ;positaque
603 4177 639 4228 ibi
647 4175 708 4228 sede
713 4197 770 4245 sua,

817 1320 922 1373 crebras
934 1322 963 1374 in
980 1324 1101 1393 regiones
1120 1323 1203 1376 Ponto
1222 1323 1325 1378 Euxino

817 1402 992 1454 conterminas
1015 1403 1178 1456 incursiones
1191 1403 1320 1458 fecerunt.

817 1479 921 1544 Quibus
929 1481 1005 1536 belbe
1013 1483 1157 1554 exasperati
1165 1481 1285 1548 finitimi,
1296 1484 1325 1536 in

817 1579 899 1612 unum
911 1560 1018 1614 tandem
1025 1581 1172 1616 convenere
1182 1599 1189 1624 ,
1203 1563 1326 1634 factoque

816 1637 844 1690 in
854 1657 1021 1694 communem
1032 1639 1136 1694 hostem
1147 1641 1262 1712 impetu,
1271 1661 1326 1696 me·

817 1735 858 1768 res
876 1737 968 1771 omnes
986 1720 1183 1774 interfecerunt.
1204 1719 1326 1774 viduati·

816 1796 896 1927 iiim
911 1798 1066 1852 mulieribus
1084 1798 1203 1871 placuit,
1221 1817 1255 1852 ne
1271 1819 1324 1871 quc

836 1875 940 1947 einceps
953 1878 1011 1930 siro
1024 1879 1149 1941 nuberet,
1163 1889 1189 1931 et
1202 1879 1326 1950 conjugis

816 1972 901 2008 exose
924 1969 950 2008 et
971 1968 1093 2010 aversata·
1112 1957 1256 2010 femineum
1275 1959 1325 2010 sub

815 2034 907 2104 regine
915 2035 1055 2108 imperium
1065 2035 1264 2091 constituerunt.
1270 2038 1326 2090 Un-

817 2111 851 2165 de
857 2115 961 2168 Senecae
967 2119 1057 2167 celibis
1066 2119 1116 2167 eon·
1124 2129 1150 2169 et
1158 2118 1242 2167 vidua
1248 2117 1326 2170 Ame-

817 2211 895 2246 zones
919 2193 1054 2248 dicuntur.
1075 2197 1204 2249 Ceterum
1225 2195 1282 2249 vid.
1296 2197 1325 2250 in

818 2273 911 2326 Medea
925 2286 980 2326 not.
994 2273 1030 2326 ad
1043 2295 1069 2328 v.
1084 2276 1144 2328 ²15.
1158 2305 1195 2316 —
1208 2277 1325 2327 Iber-mo·

818 2356 916 2406 dentice.
927 2355 1026 2424 Nempe
1034 2356 1178 2407 Amazones
1187 2355 1215 2406 in
1224 2355 1327 2427 Cappa·

819 2431 915 2494 decis,
932 2435 1007 2508 juxte
1030 2432 1255 2486 Thermodontem
1276 2433 1327 2486 flu·

818 2513 889 2566 vium
903 2551 910 2576 ,
925 2511 1109 2566 consederant.

855 2597 915 2652 stt.
932 2596 1035 2644 stabuli.
1047 2592 1139 2664 ,sugis
1154 2591 1195 2644 vei
1210 2593 1327 2662 Aegeo,

818 2669 959 2723 Eiiensium
984 2671 1062 2742 regi,
1086 2670 1219 2724 stabulum
1245 2671 1326 2726 fuisse

818 2750 906 2802 ferunt
915 2749 988 2821 quod
1000 2751 1049 2804 tria
1060 2751 1141 2803 bourn
1151 2751 1234 2802 mittis
1245 2769 1325 2823 cepe·

816 2841 865 2882 ret.
876 2829 966 2894 Quum
980 2849 1027 2902 per
1041 2847 1124 2882 annos
1135 2829 1241 2900 triginta
1254 2832 1326 2884 inex·

816 2921 956 2980 purgatum
969 2909 1122 2972 mansisset,
1136 2920 1270 2981 totamque
1283 2931 1326 2964 re·

816 2989 921 3058 gionem
943 2989 1114 3059 pestilentis,
1136 3007 1166 3042 ex
1191 2991 1326 3044 teterrimo

816 3069 964 3120 coacervati
988 3070 1111 3122 stercoris
1137 3069 1221 3123 fetore
1243 3082 1323 3137 orta,

816 3145 972 3211 invasisset,
993 3147 1141 3212 Hercules,
1162 3150 1203 3202 vel
1223 3150 1326 3220 Alpheo

816 3226 857 3278 vel
868 3227 969 3290 Peneo,
982 3229 1073 3292 vel,ut
1082 3229 1127 3282 atii
1137 3219 1244 3296 volunt,
1254 3242 1326 3282 utro-

816 3325 869 3378 que
884 3305 967 3360 flurio
984 3309 1154 3372 intromisso,
1169 3321 1253 3362 totum
1270 3328 1326 3362 uno

817 3385 861 3438 die
876 3386 969 3442 fimum
980 3387 1094 3443 detersit.

856 3473 915 3535 ²49·
932 3472 995 3519 Orbe
1008 3471 1105 3537 defenso
1119 3481 1194 3518 curet.
1207 3469 1264 3520 Jatn
1275 3467 1325 3520 be·

817 3546 880 3598 bent
901 3547 979 3599 inseri
995 3559 1113 3618 ereptum
1135 3547 1230 3606 terris,
1244 3565 1325 3617 quem

818 3638 892 3678 terrte
909 3644 993 3698 nuper
1011 3624 1176 3678 defensorem
1195 3644 1226 3678 ac
1239 3623 1325 3678 vindi-

818 3723 875 3756 cem
889 3723 965 3756 suum
977 3723 1089 3758 sensere.
1105 3707 1209 3777 Itaque,
1221 3703 1327 3758 sublato

818 3784 891 3856 pacis
910 3795 1033 3846 auctore,
1047 3784 1157 3836 seviunt
1175 3803 1266 3838 rursus
1282 3796 1326 3856 ty·

815 3861 903 3914 renni.
912 3861 989 3923 Haec,
998 3863 1119 3933 quamvis
1133 3864 1158 3915 in
1171 3863 1325 3918 uuiversum

818 3941 887 3995 dicta
895 3941 1045 4006 videantur,
1053 3941 1086 3995 de
1099 3945 1171 4016 Lyco
1181 3945 1325 4015 presertim

816 4020 983 4094 intelligenda
991 4035 1053 4078 sunt
1062 4060 1070 4086 ,
1080 4023 1136 4094 qui,
1145 4024 1252 4076 absente
1261 4024 1327 4077 Her·

816 4099 890 4164 cule,
910 4119 1021 4178 regnum
1037 4099 1187 4175 occupavit.
1201 4103 1264 4157 Vid.
1282 4123 1325 4158 er·

816 4197 889 4250 gum.
904 4199 932 4252 p.
950 4200 964 4230 n
979 4219 986 4244 ,
1003 4192 1029 4234 et
1041 4181 1090 4234 int.
1108 4195 1163 4235 not.
1176 4181 1210 4234 sd
1222 4203 1248 4236 v.
1261 4201 1323 4253 ²7⁰·
