3090 5142
288 335 300 372 Ι

339 516 444 611 xxxvj
494 515 602 585 DAN.
624 518 792 587 HElNSll
818 518 880 584 DE
904 519 977 586 HIS
1001 517 1274 588 TRAGOEDIIS

340 663 413 712 neta
425 647 591 736 percussit.
608 645 692 710 Sunt
707 647 741 709 in
753 669 791 710 ea
803 663 909 712 tamen
919 645 1065 734 quaedam
1079 648 1186 710 minus
1200 645 1323 735 putida,
1340 670 1399 712 nec

339 755 445 817 minus
466 751 577 833 latina,
593 773 691 840 quam
713 751 746 815 in
775 753 875 816 altera
890 775 1023 834 carum,
1051 775 1124 840 quta
1145 752 1267 840 ubique
1284 767 1397 817 tumet.

338 937 451 1000 cltabus,
464 935 581 991 Pentheo
596 937 659 996 item
668 936 801 1010 AEschyli,
817 937 867 991 erit
878 935 1033 991 dicendum.
1052 935 1104 989 Sed
1117 948 1143 989 et
1160 935 1278 1006 AEschyli
1293 921 1411 1007 Septem¹

336 1025 371 1079 ad
387 1026 507 1094 Thebas,
528 1041 554 1085 et
572 1031 700 1104 Epigoni,
718 1017 774 1081 tum
792 1026 865 1078 Accii
882 1037 940 1078 tum
957 1025 1056 1097 hujus,
1070 1022 1221 1078 Thebaides
1238 1037 1316 1078 eruut
1319 1058 1392 1077 .....

336 1113 413 1168 lianc
424 1129 528 1186 autem,
545 1117 725 1191 OEdipodem,
742 1116 785 1168 vel
804 1114 952 1180 infelicem,
968 1114 1011 1167 vel
1032 1111 1193 1186 lugientem,
1213 1111 1284 1165 dicas
1301 1112 1398 1166 licebit.

335 1201 432 1256 Parum
451 1207 522 1260 enim
540 1208 621 1262 refert
634 1208 663 1259 iu
676 1219 732 1259 tam
744 1221 837 1276 parum
853 1215 978 1257 accurata
991 1201 1170 1273 dispositione.
1192 1201 1258 1266 Quae
1273 1200 1329 1252 siue
1342 1199 1397 1252 ulla

334 1309 445 1362 prorsus
458 1305 529 1361 arte,
547 1295 649 1349 nullam
662 1290 869 1365 implicationem
878 1307 984 1357 rerum,
995 1288 1096 1342 nullam
1105 1287 1317 1354 extricatiouem,
1335 1287 1397 1340 nul·

333 1377 388 1432 lam
406 1380 539 1451 μιτάὸασιν
554 1381 644 1436 habet.
660 1381 688 1434 Si
698 1379 788 1453 priora
800 1376 903 1444 videas,
917 1376 1040 1450 tragoedis
1056 1387 1108 1442 est,
1127 1374 1264 1445 OEdipus:
1278 1378 1300 1427 si
1311 1386 1396 1446 poste-

332 1467 418 1535 riom,
432 1470 537 1542 Septem
551 1469 586 1523 ad
598 1469 713 1526 Thebas.
734 1467 802 1520 Nam
823 1484 908 1538 quum
932 1485 947 1520 a
969 1464 1076 1518 miseria
1098 1475 1124 1518 et
1145 1462 1279 1517 horrenda
1296 1461 1396 1532 OEdipi

331 1557 479 1611 calamitate
497 1558 624 1629 inceperit
642 1557 669 1610 τὸ
690 1557 778 1621 πάθος,
801 1553 885 1628 pergit
901 1552 936 1607 ad
953 1555 1068 1610 Eteoclis
1083 1565 1110 1606 et
1124 1553 1256 1627 Polynicis
1276 1552 1394 1606 lactum:

329 1643 404 1716 cujus
417 1645 580 1699 mentionem
591 1644 768 1717 OEdipusrir
778 1642 849 1697 iecit.
870 1644 961 1709 Quare
974 1660 1060 1714 quum
1071 1640 1227 1713 tragoediam
1243 1657 1323 1693 unam
1339 1657 1395 1692 nou

331 1745 420 1804 posset
432 1736 468 1802 (et
480 1732 539 1804 quia
551 1732 671 1787 eruditus
682 1732 735 1785 hoc
745 1731 857 1803 negeti)
870 1729 937 1784 duas
950 1731 1026 1784 uobis
1044 1729 1248 1784 declamationes
1263 1726 1344 1780 dedit.
1360 1729 1394 1779 In

248 1883 255 1892 =
329 1819 434 1892 priore,
455 1819 625 1874 moriendum
642 1839 699 1874 esse
717 1819 858 1893 OEdipodi
872 1819 1007 1890 probatur,
1020 1829 1129 1890 propter
1142 1817 1187 1872 illa
1200 1834 1260 1888 qna
1278 1821 1394 1870 comme·

331 1919 477 1973 morantur,
489 1920 516 1961 et
528 1907 635 1961 alterius
649 1919 713 1960 sunt
727 1906 886 1978 argumenti.
901 1907 933 1958 In
951 1905 1109 1977 posteriore,
1122 1903 1245 1976 Polynici
1256 1912 1282 1956 et
1292 1901 1394 1956 Eteocli

330 1992 503 2068 pugnandum
518 2013 573 2052 noa
585 2013 651 2050 ease.
670 1993 789 2068 Ideoque
802 2013 851 2047 nec
863 1993 1081 2067 inscriptionem,
1095 1991 1147 2044 nisi
1164 1990 1254 2044 multis
1270 2008 1392 2044 commu·

329 2100 403 2145 nem,
416 2082 537 2144 invenire
549 2084 645 2156 potuit.
661 2083 722 2136 Non
733 2082 893 2147 l‘hoenissas,
910 2094 940 2135 ut
957 2079 1097 2154 Euripides
1106 2069 1115 2133 ‘:
1124 2081 1239 2139 chorum
1252 2079 1322 2133 enim
1336 2099 1391 2134 non

329 2168 419 2224 habet.
438 2173 499 2224 Nou
522 2171 630 2243 Septem
659 2173 694 2227 ad
714 2170 843 2228 'fhebaaz
869 2191 927 2225 sero
950 2173 1021 2224 enim
1042 2170 1149 2224 illorum
1173 2169 1301 2230 meminit.
1330 2169 1390 2222 Non

327 2257 480 2331 Polynicem
492 2276 500 2311 s
514 2259 561 2312 vix
581 2259 605 2313 ei
621 2271 711 2332 partes
722 2257 828 2313 dantur.
843 2259 981 2333 Euripidis
996 2257 1159 2324 thnissas,
1173 2271 1244 2312 recte
1260 2259 1390 2311 Jocastam

327 2347 465 2400 inscribas.
482 2347 584 2401 Primae
601 2348 673 2400 enim
691 2347 809 2401 sustinet.
829 2347 916 2404 Greci
929 2349 1131 2421 πρωταγωνιστὴν
1150 2347 1254 2402 dicunt.
1277 2347 1326 2400 Hic
1346 2346 1390 2399 etti

326 2433 473 2489 dabisi-An
485 2433 642 2507 OEdipodii'
658 2446 734 2490 extra
750 2434 842 2488 drama
862 2447 909 2492 est.
931 2437 973 2489 Au
989 2435 1123 2491 locuste?
1139 2453 1199 2490 aero
1212 2434 1349 2508 loquitur,
1363 2445 1391 2486 et

325 2541 421 2594 magua
440 2523 589 2594 argumenti
607 2533 680 2594 parte
697 2524 752 2596 jam
773 2535 942 2597 consumpta.
958 2527 1050 2606 Neque
1066 2523 1158 2589 refert,
1172 2521 1244 2594 quod
1262 2522 1389 2577 nonnulla

324 2606 428 2664 desint:
440 2609 580 2664 consilium
600 2610 671 2662 enim
688 2614 811 2682 apparet.
824 2609 877 2664 Sed
899 2621 1004 2684 oportet
1020 2609 1086 2678 nihil
1104 2609 1208 2680 legisse.
1219 2607 1341 2682 Euripidi
1356 2609 1389 2660 ab

322 2697 443 2770 antiquis
453 2698 592 2774 objicitur,
606 2697 679 2770 quod
692 2697 780 2768 inepte
796 2699 824 2750 in
843 2698 896 2751 hoc
913 2709 1101 2769 argumentum
1119 2695 1291 2769 OEdipodem
1309 2695 1389 2749 indu·

323 2775 426 2855 catsut
447 2789 498 2842 hac
517 2788 620 2843 ratione
643 2787 762 2840 fabulam
783 2785 935 2841 concludat.
961 2789 1036 2840 ilaue
1058 2803 1197 2859 personam
1219 2789 1290 2838 enim
1317 2795 1386 2839 extra

322 2875 414 2930 drama
425 2895 489 2930 esse.
499 2877 631 2954 Quare'et
643 2893 832 2947 supervacuam
847 2888 873 2928 et
891 2875 1025 2947 garrulum
1041 2875 1190 2928 orationem
1209 2877 1264 2946 ejus
1283 2880 1388 2928 toclnt.

318 2965 414 3018 Noster
428 2983 511 3038 quum
529 2965 581 3018 hoc
594 2964 684 3035 ipsum
700 2975 768 3020 essct
782 2976 954 3029 tractaturus,
972 2963 1046 3036 quod
1060 2965 1093 3017 sb
1112 2983 1144 3018 eo
1163 2963 1247 3018 fuerat
1261 2965 1386 3018 commis·

320 3070 394 3116 sum,
406 3051 569 3124 duplicavit:
583 3052 779 3106 excusationem
791 3064 882 3106 autem
894 3051 1023 3123 precidit.
1035 3053 1077 3106 ad
1095 3051 1202 3105 initium
1216 3052 1288 3105 enim
1300 3064 1386 3104 uana·

319 3139 395 3202 tulit,
408 3137 480 3212 quod
495 3139 522 3192 in
541 3139 593 3192 fine
607 3151 661 3193 erat
671 3139 850 3192 tolerandum.
860 3140 893 3192 Et
904 3157 990 3212 quum
1000 3141 1111 3193 Graecus
1124 3139 1163 3193 illi
1177 3139 1311 3211 sexaginta
1324 3141 1385 3213 plus

320 3229 423 3292 minus,
436 3229 479 3282 hic
493 3227 554 3300 plus
567 3228 656 3282 minue
670 3228 847 3302 quadraginta
861 3241 887 3282 et
898 3227 1029 3284 ducentos
1041 3228 1121 3282 dedit.
1139 3229 1210 3300 Ergo
1228 3226 1262 3282 de
1274 3229 1385 3282 miseriis

317 3314 371 3366 suis
381 3315 525 3386 epota-plat,
538 3326 563 3366 et
575 3313 703 3387 tragoedia
716 3328 772 3379 est,
792 3315 1068 3369 bellumTlaebanum.
1088 3315 1186 3370 Saltem
1199 3327 1382 3387 argumentum

316 3403 403 3456 obiter
421 3403 615 3474 proposuisset,
632 3414 680 3456 aut
696 3406 730 3457 ah
752 3405 928 3458 exsecratione
940 3405 1087 3476 incepisset.
1100 3404 1203 3458 Scimus
1220 3404 1293 3458 enim
1309 3405 1382 3477 quod

314 3489 350 3544 sit
361 3490 418 3562 ejus
430 3507 540 3554 munus,
549 3491 592 3543 cui
602 3493 618 3548 ἡ
628 3491 722 3552 tietmar
733 3491 824 3546 datur.
837 3492 1125 3565 ColloquiumJocaste
1135 3509 1196 3546 cum
1205 3492 1343 3565 Polynice,
1353 3506 1384 3547 ut

311 3577 777 3650 supervacuum‚iuPhoenissisrecte
786 3581 884 3640 harum
892 3599 982 3636 rerum
990 3579 1095 3653 judices
1104 3593 1344 3653 notarunt,quum
1353 3581 1382 3636 id
1421 3576 1424 3584 ’

312 3680 399 3722 tamen
409 3665 509 3721 Thebis
522 3666 678 3730 instituerit,
692 3682 769 3726 extra
779 3687 887 3722 omnem
899 3687 1036 3724 armorum
1047 3681 1159 3725 metum.
1170 3668 1220 3724 llic
1233 3669 1303 3724 inter
1315 3668 1382 3724 duas

309 3755 379 3810 acies
391 3755 414 3806 la
427 3755 577 3824 μεταιχμίῳ,
596 3754 666 3808 sicut
676 3773 738 3808 eum
752 3755 841 3812 loeum
855 3753 995 3828 Euripides
1009 3769 1104 3820 vocat,
1125 3755 1284 3812 declamatio
1304 3759 1383 3812 hahe-

310 3855 368 3896 tur:
382 3859 441 3912 que
454 3859 510 3914 quo
523 3841 609 3896 minus
623 3854 786 3896 concurrant
794 3881 803 3911 ,
815 3841 884 3896 nihil
902 3855 997 3913 preter
1014 3843 1182 3900 sententiolas
1198 3845 1299 3910 obstat,
1315 3865 1381 3919 quas

311 3930 340 3982 iu
350 3928 440 3982 schola
453 3927 497 3983 vix
507 3928 582 3982 feras.
601 3929 671 4001 Ergo
690 3929 779 3983 caolis
794 3929 882 3982 Greci
899 3928 969 3984 vitiis
984 3930 1137 4002 tragediam
1151 3932 1232 3986 fecit:
1252 3942 1382 4006 rapsatu-

305 4019 411 4089 eumve
430 4017 518 4082 euim,
532 4035 591 4089 quae
604 4017 747 4089 peculiaria
765 4017 821 4083 ibi,
837 4017 974 4074 servavit:
997 4018 1107 4072 virtutes
1126 4039 1190 4074 vero
1210 4039 1266 4074 non
1286 4023 1379 4094 tangit.

307 4103 358 4160 Scd
372 4104 519 4158 aeconomia
529 4105 601 4157 nulla
610 4116 658 4158 est.
669 4104 786 4158 Plurima
793 4104 824 4158 τὰ
838 4105 918 4176 ἄλογα
928 4105 970 4158 καὶ
982 4107 1106 4160 ἀπεικότα.
1115 4108 1182 4162 Nam
1195 4127 1244 4162 cur
1255 4109 1378 4180 OEdipua
