3090 5142
423 538 494 608 xliv
549 543 578 608 J.
599 539 651 607 IS.
674 539 873 608 PONTANI
897 539 960 606 DE
983 539 1056 606 HlS
1081 537 1353 609 TRAGOEDIIS

424 663 514 726 ratio.
535 659 679 742 Marcus,
703 658 873 747 inquiunt,
892 680 965 722 raro
982 659 1165 723 Stoicorum
1185 661 1357 748 opiniones
1380 663 1482 726 inter-

422 767 515 846 serit;
531 765 657 830 «Lucius
683 786 744 827 nec
766 763 896 850 Epicuri
921 765 986 845 sui,
1014 785 1073 826 nec
1094 763 1272 828 Metrodori
1290 763 1481 831 dissimulat.

420 871 683 960 Respondemus,
702 871 728 934 si
744 886 776 934 et
793 869 878 936 idem
897 871 961 936 hoc
983 871 1095 950 faciat,
1123 893 1221 958 quem
1243 895 1312 936 esse
1333 874 1480 937 Marcum

420 979 572 1067 cupiunt,
585 998 695 1041 nonne
712 975 777 1055 jam
796 977 876 1038 lacta
895 996 964 1055 res,
980 991 1012 1038 et
1027 997 1113 1038 unus
1131 975 1302 1064 idemque,
1319 1000 1386 1040 non
1403 1002 1481 1042 vero

420 1084 581 1163 diversus,
609 1097 722 1146 auctor
737 1079 822 1144 erit?
849 1079 933 1143 Nam
958 1081 1217 1167 Agamemnone,
1243 1105 1339 1169 quam
1370 1083 1481 1146 Marco

420 1191 587 1270 tribuunt,
601 1186 688 1252 unde
700 1185 745 1250 illi
759 1207 841 1249 vers.
855 1183 936 1266 605,
953 1184 1035 1248 leves
1047 1186 1103 1266 dii,
1119 1187 1180 1249 nisi
1196 1186 1237 1250 ab
1251 1189 1409 1275 Epicuro,
1424 1209 1481 1254 aut

416 1294 605 1362 Metrodoro
618 1308 695 1374 ,aut
709 1292 842 1356 Scirone
860 1291 967 1379 aliquo
979 1291 992 1354 i
1009 1292 1051 1356 Et
1063 1315 1194 1356 rursum
1210 1293 1356 1370 Troade,
1381 1318 1479 1384 quam

418 1403 558 1466 tabulam
571 1399 662 1464 Lucii
676 1412 819 1478 censent,
834 1396 980 1460 similiter
995 1399 1113 1478 varius,
1130 1422 1189 1462 nec
1206 1423 1290 1464 unus
1304 1417 1362 1465 est.
1377 1402 1480 1466 Modo

416 1509 502 1572 enim
510 1506 631 1576 Stoicus
647 1509 737 1577 δοῖας,
751 1500 850 1564 modo
862 1501 1114 1590 Epicurum,aut
1125 1503 1307 1568 Platonicos
1319 1508 1478 1593 exprimit.

416 1613 457 1676 Et
481 1609 653 1698 praesertim
678 1607 787 1671 Choro
814 1606 921 1692 primo
940 1607 1106 1671 Priamum
1129 1609 1204 1673 facit
1232 1611 1264 1672 in
1293 1609 1478 1698 Elysiorum

414 1718 546 1788 amoenis
560 1729 758 1793 versantem,
770 1726 803 1774 et
820 1703 958 1776 Hectora
976 1713 1062 1777 inter
1080 1713 1195 1777 heroas
1210 1715 1341 1802 piasque
1354 1717 1478 1780 animas

413 1837 621 1909 quoerentem,
634 1840 736 1904 quum
750 1834 858 1880 tamen
876 1816 987 1883 eadem
1002 1818 1120 1899 fabula,
1132 1819 1212 1882 nihil
1226 1843 1294 1884 esse
1308 1836 1381 1909 post
1394 1845 1480 1886 mor·

415 1943 502 2008 tem,
518 1923 665 2015 pluribus
681 1923 832 1987 inculcet.
849 1921 951 1988 Priori
969 1924 1055 1988 enim
1073 1925 1182 1989 Choro
1196 1926 1300 2015 legas:

611 2097 827 2114 .............
840 2061 917 2117 Felix
928 2061 1062 2127 Priamus,

606 2149 725 2204 Dicimus
738 2167 831 2204 omncs
843 2171 849 2204 ε
862 2169 951 2204 secum
965 2151 1094 2205 excedens

604 2236 657 2290 Sua
670 2255 751 2308 regna
764 2237 841 2302 tulit;
859 2257 931 2292 nunc
945 2237 1028 2310 Elysii

602 2324 722 2378 Nemoris
734 2324 799 2376 tutis
809 2336 879 2378 errat
892 2324 920 2376 in
935 2325 1050 2388 umbris,

605 2413 731 2484 Interque
744 2413 801 2484 pias
815 2413 878 2467 felix
892 2412 993 2466 animas

607 2499 719 2554 Hectora
734 2501 835 2572 quierit,
903 2510 907 2522 ’

412 2657 455 2720 At
465 2669 578 2718 contin
590 2669 665 2716 actu
677 2653 726 2734 11,
743 2652 856 2718 Choro
867 2655 966 2719 altero
983 2656 1051 2720 baec
1065 2677 1257 2724 occurrunt:

610 2827 688 2844 .....
707 2791 744 2842 Ut
757 2789 848 2844 calidis
861 2792 950 2846 fumus
960 2793 994 2846 ab
1004 2793 1111 2864 ignibus

604 2878 731 2932 Vanescit
740 2878 852 2950 spatium
863 2899 911 2952 per
919 2880 998 2934 breve
1005 2880 1142 2936 sordidus:

543 3017 546 3022 .
604 2969 648 3022 sie
658 2967 717 3033 hic,
728 2987 783 3040 quo
795 2970 924 3040 regimur,
939 2970 1048 3042 spiritus
1062 2971 1160 3026 effluet.

604 3057 666 3109 Post
676 3067 788 3109 mortem
801 3057 870 3110 nihil
883 3070 938 3122 est,
956 3059 1067 3130 ipsaque
1078 3079 1150 3114 mors
1161 3063 1237 3116 nibil.

412 3213 480 3280 Nec
491 3210 730 3293 mirum,talem
745 3211 778 3273 in
790 3210 916 3299 tragicis
927 3233 995 3276 esse
1005 3213 1158 3297 Lucium,
1169 3237 1272 3302 quum
1285 3219 1317 3281 in
1331 3221 1477 3308 philoso-

411 3319 511 3409 phicis
521 3315 712 3380 haudalium
723 3315 876 3379 invenias.
891 3317 928 3378 In
941 3317 1084 3405 epistolis
1098 3320 1143 3382 ait
1157 3320 1266 3410 (epist.
1278 3325 1476 3416 LXXXVl):

410 3416 587 3486 «Animum
598 3419 740 3485 Africani
755 3421 789 3484 in
802 3421 934 3498 caelum,
948 3421 1037 3488 unde
1053 3440 1137 3507 erat,
1150 3425 1282 3492 rediisse
1296 3435 1477 3517 perstmdeo

412 3529 522 3594 milri·
538 3529 658 3590 Contra
670 3523 791 3590 ibidem
810 3528 925 3614 (epist.
938 3527 1072 3616 XXX),
1097 3531 1228 3594 bassum
1241 3534 1375 3621 Epicuri
1393 3563 1477 3626 prae-

410 3636 511 3724 ceptis
525 3634 758 3720 obsequentem
774 3631 953 3709 inducens,
971 3632 1067 3698 docet
1091 3651 1317 3724 postmortem
1336 3644 1418 3709 nihil
1441 3650 1480 3711 ti·

410 3740 578 3806 mendum.
593 3737 635 3800 Et
651 3736 725 3800 abbi
739 3737 849 3799 :«Hoc
863 3737 925 3799 erit
937 3754 1010 3825 post
1026 3759 1096 3818 me,
1112 3740 1202 3827 quod
1218 3760 1294 3808 ante
1311 3769 1362 3810 me
1378 3751 1453 3815 fuit.
1469 3787 1480 3808 s

410 3850 467 3927 Et,
493 3841 583 3933 quod
602 3841 702 3930 magis
721 3839 866 3921 mireris,
884 3841 1113 3908 Consolatione
1133 3843 1174 3908 ad
1196 3846 1349 3914 Marciam
1371 3877 1477 3941 quum

413 3949 492 4015 illud
519 3948 716 4036 Epicureum
744 3943 910 4008 extulisset
935 3967 943 4009 :
971 3975 984 4001 ι
998 3947 1080 4010 ultra
1099 3967 1238 4016 mortem
1262 3954 1344 4019 mala
1366 3977 1481 4026 nostra

413 4057 582 4134 liniuntur,
592 4051 720 4115 »statim
735 4048 847 4114 eadem
865 4051 1113 4134 Consolatione,
1130 4057 1234 4143 capite
1244 4058 1379 4144 ultimo,
1394 4065 1481 4130 Cor-
