3090 5142
255 575 363 647 UNO
386 575 755 647 TRAGOEDIARUM
779 575 1004 646 AUCTORE.
1091 575 1162 646 xlix

87 699 137 760 rix
157 696 357 785 quisquam,
378 697 432 762 cui
453 697 529 762 satis
549 709 634 760 notoe
655 693 721 757 sint
741 693 809 774 ejus
827 695 1071 778 controversie,
1087 697 1165 762 tales

91 801 217 866 tabutas
237 801 455 889 adscripserit.
479 803 548 866 Neo
563 821 641 864 vero
662 796 703 862 de
718 798 781 862 hoo
798 800 1006 888 cogitandum
1025 815 1090 884 est,
1110 801 1167 866 sed

90 907 133 971 de
148 907 263 995 aliquo
277 908 419 971 Octariae
434 923 566 972 auctore
582 908 678 996 (nam
694 923 727 972 et
734 910 866 972 haecvest
878 907 962 971 inter
975 907 1043 970 illas
1056 906 1167 972 decern

94 1011 268 1103 tragoedias
279 1014 310 1099 ),
326 1013 384 1100 qni
400 1014 463 1078 sub
478 1014 609 1080 Nerone
624 1017 748 1082 vixerit.
768 1014 932 1080 Habemus
948 1029 1055 1076 autem
1072 1013 1166 1076 talem
1261 1035 1272 1046 ·

97 1119 215 1182 Annaei
230 1117 351 1182 Novati
363 1118 440 1205 (seu
450 1118 626 1209 Gallionis)
636 1120 737 1186 fitium
751 1121 913 1200 Marcum,
925 1139 1022 1207 quem
1034 1135 1168 1207 patruus

99 1227 135 1288 h
147 1225 234 1288 Ann.
245 1223 367 1288 Senem
379 1225 414 1288 in
426 1225 582 1292 consolat.
593 1226 634 1292 ad
645 1227 805 1304 Helviam,
817 1248 844 1290 c.
859 1225 913 1306 16,
922 1222 1167 1289 blandissimum

99 1353 241 1418 puerum
257 1347 362 1394 vocat.
388 1330 524 1396 Temere
540 1332 594 1396 hic
613 1349 750 1398 monent
761 1333 822 1396 viri
837 1330 941 1412 docti,
959 1329 1050 1394 hunc
1065 1329 1169 1417 prima

97 1437 271 1515 juventute
288 1451 458 1500 mortuum
475 1459 562 1501 esse:
581 1460 656 1502 nam
676 1437 745 1526 ipse
760 1439 897 1516 Seneca,
914 1433 994 1500 dum
1010 1433 1100 1500 lilioli
1117 1435 1168 1500 sui

100 1557 133 1604 et
145 1540 292 1605 duorum
310 1541 451 1606 liliorum
469 1543 575 1608 fratris
592 1545 643 1608 sui
657 1543 775 1608 Novati
794 1543 920 1608 obitum
935 1542 1043 1631 luget,
1061 1557 1169 1630 gratu·

101 1649 185 1710 latur
205 1647 329 1712 Helriae
352 1649 446 1713 matri
471 1648 511 1713 de
532 1649 691 1715 Novatilla
713 1666 747 1714 et
763 1650 890 1730 Marco,
912 1648 1085 1737 nepotibus
1101 1649 1169 1736 spei

102 1753 239 1833 eximiae,
258 1755 316 1841 qui
331 1753 438 1818 adhuc
453 1757 640 1846 superstites
656 1772 772 1820 essent.
787 1757 893 1842 Atque
909 1755 935 1817 is
952 1777 1038 1818 unus
1051 1753 1169 1817 Novati

103 1857 185 1922 filius
195 1860 306 1948 patrui
316 1860 413 1924 etiam
423 1862 473 1926 sui
485 1861 614 1926 Senecae
623 1885 743 1926 nomen
752 1861 909 1949 recepisse
918 1858 1056 1940 videtur,
1065 1881 1168 1946 quum

104 1965 216 2029 iratres
247 1965 436 2055 philosophi
470 1967 615 2032 Novatus
642 1983 676 2033 et
697 1968 798 2050 Mela,
823 1967 921 2048 hujus
953 1981 1060 2029 autem
1086 1962 1169 2028 lilius

103 2074 250 2137 Luranru
282 2074 530 2163 appellarentur.
562 2074 637 2140 Huc
665 2075 741 2140 facit
771 2074 862 2139 locus
896 2073 948 2138 ille
976 2071 1169 2161 Apollinaris

103 2177 247 2242 Sidonii:

279 2363 351 2421 Non,
360 2363 428 2428 qnod
437 2363 551 2415 Corduba
561 2375 699 2430 prepotens
708 2365 810 2412 domnis

280 2451 421 2500 Fnoundum
431 2453 495 2513 oiet,
503 2453 543 2501 hie
552 2464 624 2518 putes
632 2451 775 2516 legendum,

280 2539 393 2602 Quorum
403 2555 464 2587 unus
472 2539 531 2588 oolit
538 2539 662 2605 hispidum
671 2540 807 2596 Platonem,

280 2629 456 2692 Insanamque
464 2643 534 2676 snum
543 2639 625 2676 monet
633 2629 765 2677 Neronem.

280 2715 436 2764 Orchestrsm
446 2717 524 2780 quatit
534 2717 599 2766 alter
606 2716 742 2781 Euripidis,

281 2803 378 2851 Pictum
388 2804 489 2852 facibus
497 2804 639 2869 AEsohylutn
648 2813 775 2868 sequutus,

282 2893 335 2938 Ant
344 2891 457 2955 planstris
465 2891 564 2942 solitum
573 2907 659 2940 sonere
667 2891 795 2956 Thespiis,

283 2981 347 3042 Qui,
356 2991 413 3044 poet
420 2979 514 3046 pulpita
525 2981 581 3028 triu
590 2980 637 3028 suh
646 2979 780 3037 cothurno,

284 3065 395 3114 Ducebst
403 3067 477 3115 olida
486 3083 574 3114 marem
583 3067 690 3132 ospellse.

284 3155 395 3218 Pugnant
405 3153 487 3202 tertius
496 3154 537 3202 ille
546 3153 694 3204 Gullioensm

284 3241 354 3289 Dixit
363 3242 476 3302 Castris,
485 3253 512 3290 ut
521 3257 593 3306 gener
601 3257 731 3306 socerque,
738 3251 785 3289 etc.

149 3423 300 3488 Primum
316 3420 404 3484 houd
420 3420 520 3485 dubie
540 3420 650 3485 innuit
671 3420 706 3483 L.
722 3420 883 3483 Annaeum
898 3415 1052 3480 Seneoem
1070 3415 1175 3506 philo-

108 3530 249 3618 sophum
264 3528 391 3591 tristem
406 3525 467 3614 (ut
479 3524 686 3613 videbatur),
700 3523 836 3611 ejusque
846 3521 947 3587 libros
958 3521 1000 3586 de
1011 3521 1175 3588 clementia

109 3635 147 3698 ad
162 3635 332 3698 Neronem
348 3634 498 3721 scriptos,
516 3633 635 3721 quibus
652 3631 797 3695 obsoleta
814 3627 962 3718 dogmata
979 3627 1120 3692 Platonis
1134 3627 1175 3692 de

109 3737 363 3804 administranda
387 3739 553 3827 republida
575 3737 750 3802 renovavit
775 3736 875 3816 Alter,
894 3755 990 3822 quem
1013 3735 1048 3797 in
1067 3748 1176 3798 mente

111 3847 240 3927 habuit,
258 3862 292 3909 et
308 3846 363 3910 cui
377 3845 473 3909 tertio
491 3845 564 3910 loco
581 3843 674 3910 Melae
687 3842 790 3907 filium
803 3842 972 3906 Lucanum
993 3839 1174 3921 subjunxit,

109 3952 236 4016 ridetur
247 3968 282 4015 et
295 3951 367 4039 ipse
383 3973 449 4014 non
465 3951 565 4015 modo
579 3949 816 4028 Cordubensis,
831 3948 887 4012 sed
899 3971 917 4012 e
929 3947 1057 4012 Seneois
1069 3946 1175 4010 luisse.
1288 4005 1292 4017 ,

111 4057 206 4120 llunc
216 4056 361 4120 nobilem
375 4071 503 4143 poetam
517 4055 671 4145 tragicum
683 4068 793 4133 vocat,
804 4053 859 4141 qui
873 4051 982 4116 nescio
991 4073 1031 4114 an
1043 4050 1177 4138 posthac

111 4185 144 4224 se
166 4178 273 4226 totum
299 4159 399 4224 rebus
422 4160 549 4224 rusticis
576 4158 717 4238 dederit,
740 4180 794 4236 sc,
817 4157 905 4221 velut
924 4157 1003 4220 alter
1023 4156 1176 4242 Thespis,
