3240 5138
340 519 622 600 HERCULES
646 531 868 600 FURENS.
896 531 1009 599 ACT.
1035 532 1086 598 ΙΙ.
1201 525 1245 599 53

234 688 314 735 nro.
336 661 400 733 Sed
423 687 491 730 non
511 686 571 756 per
592 686 708 730 omnes
728 659 818 731 exsul
839 662 960 730 erravit
979 660 1102 756 plagas.

235 793 352 839 arten.
370 769 481 857 Quem
504 767 646 862 profuga
662 781 751 836 terra
769 781 875 835 mater
892 782 1023 836 errante
1044 765 1152 835 edidit.

235 898 312 945 nro.
336 873 425 943 Num
446 887 613 960 monstra,
632 897 734 943 saevas
750 872 895 942 Phoebus
913 887 971 941 aut
991 873 1098 942 timuit
1118 870 1228 941 feras?

237 1003 351 1051 auen.
372 980 501 1048 Primus
523 981 656 1074 sagittas
672 978 790 1050 imbuit
806 978 923 1048 Phoebi
940 977 1050 1047 draco.
1208 1005 1248 1050 tte

236 1109 315 1157 nec.
334 1086 446 1174 Quam
467 1087 581 1179 gravia
596 1079 722 1179 ¹parvus
740 1083 869 1172 tulerit,
888 1085 1040 1180 ignoras,
1059 1082 1172 1178 malai

180 1271 257 1312 ctum
274 1277 290 1310 a
303 1257 370 1311 Delo
383 1256 487 1320 insuia,
503 1257 530 1308 in
548 1273 602 1328 qna
618 1265 695 1308 natue
737 1254 854 1328 praedam
867 1256 994 1310 inermem
1009 1269 1036 1309 et
1050 1255 1189 1328 pavidam,
1205 1255 1247 1310 di·

180 1348 256 1400 erat,
269 1337 312 1391 vel
329 1334 447 1402 adnuae,
465 1339 561 1396 clam,
577 1333 640 1404 quia
656 1332 695 1387 sol
738 1347 810 1388 ctum
816 1348 854 1388 est
861 1355 909 1406 pro
915 1340 1034 1405 eumjertk
1040 1339 1169 1396 committi,
1179 1336 1247 1388 etita

182 1413 366 1468 omniaradiia
376 1415 499 1468 illustrat.
738 1414 924 1482 committi,ut
931 1434 984 1468 neu
995 1415 1116 1468 restiterit
1126 1426 1246 1480 tautum,

220 1496 284 1560 453.
298 1491 485 1546 Errante.Vid.
498 1510 579 1564 supra
591 1502 647 1545 not.
660 1489 695 1544 ud
737 1492 784 1546 aed
801 1493 891 1547 tulerit
903 1494 1050 1548 victoriam.
1065 1495 1092 1546 ²⁰
1107 1496 1197 1562 Quum
1209 1506 1248 1546 ta-

184 1595 213 1628 r.
231 1575 274 1628 15.
738 1589 798 1626 men
819 1591 910 1627 tensus
926 1593 980 1625 non
1001 1574 1030 1625 in
1044 1577 1142 1638 timuit,
1157 1573 1201 1626 ted
1217 1573 1246 1626 in

220 1657 285 1716 454.
298 1655 396 1704 Timuit.
407 1649 568 1720 corruptum
578 1651 651 1702 hunc
660 1649 697 1701 lo·
737 1651 830 1723 praelio
848 1671 909 1706 oum
920 1653 996 1716 terit,
1008 1666 1142 1716 versetur,
1155 1665 1180 1705 et
1195 1652 1247 1706 hoc

183 1749 248 1787 cum
267 1741 345 1802 putat
362 1727 514 1792 badenim,
534 1728 562 1780 in
582 1728 694 1800 Specim.
737 1733 880 1801 praesertim
887 1731 1028 1786 contendat
1036 1734 1123 1805 Lycur
1134 1733 1248 1796 ,scilicet

185 1811 279 1880 (1798)
291 1830 320 1883 p.
336 1809 366 1862 51
379 1846 387 1872 ,
400 1807 475 1882 quod
488 1806 522 1884 ad
535 1808 596 1880 Lyci
608 1808 697 1880 objur·
738 1809 878 1882 digladiari
888 1830 949 1864 cum
960 1813 1020 1866 ierit
1026 1812 1096 1864 iufra
1104 1810 1148 1864 dei
1163 1811 1248 1882 digni·

185 1890 320 1962 gationem
338 1888 447 1940 minime
457 1885 632 1959 Amphitryon
642 1904 698 1940 ree·
738 1900 818 1943 tatem
830 1909 900 1954 este,
911 1891 1086 1964 Amphitryon
1097 1890 1246 1946 convicium

186 1967 372 2041 pondeat,nec
382 1966 482 2022 timorit
492 1965 576 2020 diluat
585 1966 696 2031 crimen,
739 1968 824 2021 obiter
836 1981 861 2022 et
877 1969 906 2022 in
921 1981 1074 2023 transcursu
1088 1971 1195 2023 mittum
1211 1970 1246 2022 ti·

187 2047 235 2102 red
249 2046 393 2102 draconem
411 2047 445 2099 ab
455 2044 577 2117 Apollme
589 2045 698 2098 interio-
739 2047 821 2100 lentio
840 2050 972 2121 preterit,
990 2049 1025 2103 ad
1040 2048 1151 2122 capitale
1173 2068 1248 2120 argu·

187 2139 260 2180 ctum
278 2137 382 2179 tantum
395 2137 539 2191 memoret3
553 2123 628 2178 alind
642 2141 698 2177 este
740 2140 858 2180 utentum
877 2147 1032 2192 conversus,
1053 2128 1122 2181 sicut
1139 2147 1198 2200 sup.
1220 2147 1246 2181 v.

189 2206 211 2258 ti
224 2205 351 2258 Herculea
364 2205 432 2257 seraa
444 2203 578 2268 timuerit,
591 2201 664 2256 aliud
676 2201 698 2254 si
741 2206 791 2273 435
798 2243 807 2270 ,
815 2207 911 2260 omissa
920 2226 978 2280 quc
991 2212 1018 2260 in
1029 2226 1094 2262 voce
1100 2209 1175 2276 objici
1186 2225 1248 2259 cou-

188 2285 283 2356 Apollo
300 2285 370 2337 ferae
385 2283 491 2345 deerit,
509 2295 534 2335 et
546 2281 611 2336 illud
630 2281 698 2334 male
740 2285 838 2338 tinetur
859 2285 1060 2357 exprobatione,
1078 2286 1129 2338 hoc
1144 2296 1248 2338 tanturn

188 2383 235 2434 per
246 2363 299 2417 hoc
310 2363 426 2417 excusari
435 2379 443 2426 ;
452 2380 507 2414 nou
520 2374 608 2415 autern
620 2379 698 2433 poete
740 2365 849 2436 Megara
865 2365 962 2418 refutat
978 2362 1051 2436 quod
1066 2363 1100 2418 ad
1113 2377 1247 2418 concerta·

191 2441 224 2496 ad
234 2459 304 2495 vera.
318 2444 352 2507 45
364 2441 518 2514 provocari,
528 2441 575 2493 ubi
581 2461 631 2509 pro
645 2444 698 2492 telis
740 2444 838 2496 tionem
853 2462 913 2496 cum
924 2444 987 2498 terit
1001 2445 1123 2516 pertinet.

188 2523 251 2590 gerit
260 2541 317 2590 quae
331 2524 412 2572 timuit
425 2536 450 2572 et
464 2540 519 2588 quoe
525 2521 612 2586 fudit,
625 2517 698 2592 quod
776 2523 837 2588 455.
849 2529 940 2575 Draco.
950 2523 1053 2596 Python
1063 2561 1071 2588 ,
1082 2541 1188 2594 serpent
1198 2523 1249 2575 im·

190 2601 309 2654 Herculis
326 2601 450 2654 virtutem
463 2611 489 2652 et
499 2597 636 2652 audaciam
652 2598 700 2650 mi·
740 2602 826 2656 manis
844 2601 1051 2674 magnitudinis,
1064 2620 1143 2673 quem
1161 2621 1192 2654 ex
1209 2621 1250 2654 re·

190 2681 260 2733 nime
268 2678 415 2752 deprimat,
425 2678 522 2750 quippe
531 2677 576 2748 qui
586 2696 617 2731 ea
627 2676 700 2730 sude·
740 2681 810 2734 oeati
824 2681 994 2734 Deucalionei
1009 2680 1099 2734 diluvii
1113 2699 1187 2734 coeno
1204 2699 1250 2734 na·

191 2759 224 2810 rit
239 2777 299 2832 quae
317 2776 397 2811 nemo
416 2775 470 2809 non
486 2756 573 2827 primo
592 2767 699 2827 aspectu
741 2760 1249 2831 tum‚Junoinineectatiouemiugientie

192 2837 297 2892 homme
306 2849 454 2910 pateatque
467 2853 474 2888 :
488 2853 538 2888 nec
547 2834 582 2889 ad
591 2855 619 2888 v.
630 2852 697 2904 792,
741 2839 845 2892 Lunam
854 2838 1248 2894 immisitvixauteminineula

192 2917 237 2969 ubi
249 2917 410 2970 dellercule
419 2927 446 2974 et
456 2913 588 2977 caleto,
599 2929 700 2982 uterque
741 2917 807 2970 Delo
815 2918 910 2990 Apollo
918 2917 945 2970 ia
955 2918 1041 2971 lucem
1050 2917 1249 2989 prodiit,quum

193 2999 284 3058 euertit,
295 2993 369 3067 quod
381 2994 490 3048 sublime
503 2993 590 3046 verbis
600 2994 701 3063 pariter
742 2996 1250 3070 Pythouaaagittieoontixit,eththioe
1281 3021 1283 3028 ·

129 3083 132 3088 '
193 3072 614 3146 atquetententiajudicat‚quum
622 3084 699 3144 poeta
741 3075 818 3128 ludos
835 3075 862 3127 in
877 3074 1031 3129 memoriam
1048 3074 1161 3128 victoriae
1176 3073 1251 3128 inati-

193 3152 333 3207 Herculem
342 3172 420 3206 suum
428 3153 462 3204 ab
470 3151 542 3206 omui
551 3170 630 3204 sensu
640 3151 700 3204 alie·
743 3154 803 3207 tuit.
817 3152 858 3206 Ad
871 3165 989 3206 teneram
1007 3164 1107 3205 attalem
1121 3151 1180 3218 dci,
1196 3172 1249 3224 quo

193 3229 701 3294 mmnonvolueritmedeotdmi-
744 3243 862 3305 tempore
884 3243 1031 3304 serpentem
1052 3231 1164 3294 occidit,
1187 3232 1252 3285 allu-

193 3311 295 3365 ratione
304 3310 451 3384 digniorem
459 3307 641 3380 fecerit,quod
647 3328 701 3362 uon
746 3311 883 3365 deuastat.
892 3310 1032 3376 lutuvt,
1042 3325 1058 3376 9
1069 3327 1076 3362 t
1088 3311 1251 3382 «Apollinea

194 3389 587 3461 posueritextrahumanitatem
596 3407 603 3441 :
613 3388 702 3460 itaque
745 3389 846 3443 bellum
861 3391 964 3462 puerile
977 3389 1116 3462 pharetrae.
1125 3414 1136 3435 ι
1152 3391 1186 3442 Et
1200 3390 1254 3444 Lu·

194 3470 297 3522 sublato
305 3473 398 3530 timttit,
408 3465 605 3539 subrogandum
612 3469 704 3518 attrivit
746 3487 843 3532 canus,
856 3470 889 3532 V,
903 3470 955 3521 80:
970 3493 981 3516 ι
995 3468 1130 3521 ...adhuc
1142 3467 1254 3524 rudibut

194 3547 324 3602 Badenius
352 3549 487 3620 opinatur.
512 3547 571 3599 Duo
593 3556 705 3618 possunt
747 3550 823 3602 Paean
836 3549 957 3622 Pythona
967 3548 1067 3620 sagittis
1079 3548 1243 3620 Explicuit.-

194 3626 443 3699 afferriadrulgatte
451 3625 569 3680 lectionis
576 3623 705 3679 defensio·
784 3633 845 3696 456.
862 3637 969 3690 Parvus,
985 3638 1036 3680 etc.
1048 3629 1158 3700 Quom
1172 3647 1255 3700 quam

195 3725 256 3759 nem
262 3719 288 3761 et
296 3707 540 3778 interpretationem
547 3705 610 3758 loci.
622 3703 647 3757 1⁰
654 3706 710 3777 Ly·.
749 3708 836 3780 gravia
855 3727 922 3780 puer
939 3707 1027 3761 adhue
1044 3707 1170 3760 Herculea
1187 3709 1257 3760 male

195 3805 259 3849 cua,
271 3785 381 3838 laudam
391 3785 510 3838 Herculis
521 3797 546 3836 et
559 3784 648 3856 gloriae
661 3785 706 3837 ob-
748 3787 853 3840 tulerit?
862 3788 911 3842 Cui
919 3787 1031 3842 vixnato
1038 3804 1127 3857 pugna
1135 3787 1185 3838 luit
1193 3806 1256 3840 cum

195 3863 707 3937 uectatomquidquidilleprmclareget·
750 3868 925 3938 serpentibus.
940 3869 1008 3919 Ante
1021 3865 1184 3929 Gruterum,
1202 3867 1258 3919 hec

197 3944 376 4010 ait,relntione
384 3945 501 3998 etverbis
507 3945 650 4011 imminuit,
658 3964 707 4000 neo
751 3946 828 3999 aliter
840 3958 867 3999 et
878 3946 965 4006 minue
977 3943 1117 3999 commode
1130 3945 1258 4018 iutellige-
1297 3989 1301 3992 .

198 4023 707 4096 pugnassetautumcnmferie,eedferaa
751 4025 847 4078 bantur
854 4043 865 4088 ;1
874 4042 933 4096 que
947 4025 1017 4078 enim
1032 4044 1058 4078 v.
1074 4024 1125 4089 45⁵
1143 4041 1258 4095 sequun-

198 4104 314 4164 timuiaae
324 4104 416 4175 probri
425 4121 504 4156 cauea
514 4118 643 4157 memorat
654 4123 660 4156 :
672 4105 709 4158 sic
751 4116 810 4167 tur,
823 4103 1008 4176 Amphitryoui
1024 4103 1080 4155 niue
1093 4101 1210 4155 diverbio
1223 4115 1258 4155 at·

199 4174 257 4254 nup.
265 4203 287 4236 v.
295 4182 706 4253 434,eumobjict'sert't‚tanquam
753 4184 832 4238 tribui
840 4183 950 4257 jubebat
962 4181 1066 4252 vulgata
1077 4193 1102 4232 et
1112 4193 1216 4253 recepta
1225 4180 1262 4234 ah

1060 4274 1101 4382 t
