3090 5142
495 483 803 554 DISSERTATIO.
1079 482 1177 580 lxxiij

14 658 16 736 ,
101 622 185 682 nm,
204 598 438 688 suimetipsius
454 599 704 692 descriptionem
723 603 757 666 in
774 602 968 668 tenuissimis
985 625 1089 693 usque
1104 631 1180 696 per-

14 759 15 764 ,
102 707 194 794 sequi
212 730 285 772 non
302 708 424 798 posse?
1143 789 1146 798 Α

13 810 14 824 ’
146 815 332 903 Postquam
349 810 488 880 Phaedra
507 837 541 880 se
555 838 615 904 pro
633 813 849 903 descriptione
865 832 1012 882 ornatam
1030 835 1179 907 spectan-

105 919 194 984 tibus
209 920 378 1003 exhibuit,
395 919 561 1011 egreditur
575 943 684 1004 scena,
702 935 854 985 manente
871 921 996 986 nutrice
1008 939 1041 986 et
1053 924 1179 1014 Hippo-

105 1026 213 1114 lytum
224 1041 445 1114 exspectante.
464 1025 574 1108 Quem
586 1020 768 1089 venientem
779 1023 876 1116 longa
888 1023 1006 1116 excipit
1016 1029 1178 1110 emtione,

106 1131 142 1194 iu
166 1153 232 1220 qua
255 1153 342 1220 saepe
364 1145 554 1220 usurpatam
578 1131 753 1220 tritamque
779 1131 988 1214 sententiam,
1016 1156 1083 1198 non
1109 1135 1180 1200 sine

107 1260 228 1328 magno
237 1237 316 1302 artis
326 1235 817 1326 dialecticaeapparatu,explimt,
823 1237 994 1318 juventute
1003 1239 1179 1306 fruendum
1246 1321 1252 1338 Ι

108 1360 141 1406 et
151 1343 354 1433 praecipuum
365 1365 435 1407 esse
446 1343 478 1407 in
490 1363 599 1406 amore
609 1333 790 1423 juventutis
805 1342 958 1409 fructum.
972 1344 1179 1436 Hippolytus,

107 1447 224 1513 eodem
244 1471 328 1513 usus
355 1447 484 1514 dicendi
505 1471 637 1538 genere,
663 1447 803 1538 longiori
827 1449 924 1514 etiam
950 1451 1098 1516 oratione
1120 1477 1181 1518 nec

108 1556 218 1618 minus
233 1554 370 1644 poeticis
387 1549 568 1635 coloribus,
581 1547 733 1623 venaticoe
745 1551 817 1618 vitre
832 1556 1049 1642 praestantiam
1065 1555 1182 1622 adum·

108 1659 189 1724 brat.
207 1657 310 1725 Aliud
327 1658 461 1742 deinde,
477 1681 652 1724 commune
665 1659 909 1748 vulgatumque,
923 1660 1059 1752 suscipit
1073 1663 1180 1728 verbis

107 1763 391 1853 amplificandum:
404 1764 573 1832 contendit
585 1765 672 1832 enim
682 1765 790 1830 statim
802 1781 900 1853 atque
913 1766 1062 1830 homines
1074 1767 1178 1857 sylvas

107 1870 283 1958 reliquere,
304 1869 459 1958 irrupisse
478 1870 616 1951 scelera,
643 1868 863 1962 omnibusque
886 1859 981 1933 malis
996 1871 1129 1936 initiunt
1157 1896 1177 1938 a

109 1977 234 2040 leminis
256 1975 382 2041 datum.
406 1975 469 2039 Vix
493 1975 578 2040 inter
599 1997 633 2038 se
655 1975 820 2038 cohaerent
838 1976 1021 2060 sententiae,
1047 1993 1081 2042 et
1101 1979 1178 2043 setis

109 2098 240 2170 apparet
255 2081 451 2146 laboravisse
469 2095 502 2171 et
520 2080 691 2144 exsudasse
708 2096 855 2172 poetam,
879 2097 918 2146 ut
933 2079 1091 2146 diffusum
1109 2083 1179 2148 elo·

110 2189 248 2274 quentiae
256 2209 324 2251 suae
333 2203 481 2252 tenorem
490 2184 532 2250 ad
540 2187 647 2275 poesis
655 2186 838 2253 dramatico
848 2209 995 2268 normam
1006 2187 1175 2278 redigeret.

150 2291 229 2356 Mox
240 2291 284 2356 ad
295 2308 488 2382 sequentem
500 2313 630 2360 scenam
643 2307 793 2372 revertar,
805 2292 839 2358 in
851 2313 916 2380 qua
927 2289 1062 2358 Phaedra
1075 2295 1175 2360 animi

110 2421 216 2463 seusus
240 2398 346 2487 aperit
367 2397 558 2495 Hippolyto.
577 2397 660 2462 Satis
682 2398 744 2461 erit
763 2397 805 2462 ad
824 2399 1064 2486 assequendum
1086 2402 1178 2489 quod

109 2504 183 2568 mibi
199 2525 292 2569 nunc
308 2501 506 2568 destinamm
519 2519 586 2583 est,
602 2503 629 2567 si
643 2502 792 2594 quadam
805 2525 844 2567 ex
858 2503 1002 2585 ejusdem
1016 2506 1177 2596 tragoediae

109 2607 168 2674 fine
195 2625 350 2698 excerpta
377 2609 521 2674 afferam.
546 2609 587 2673 In
617 2626 759 2698 utroque
786 2626 900 2698 poeta,
926 2611 1002 2676 falsa
1028 2635 1176 2689 novercre

107 2714 331 2778 criminatione
343 2713 540 2803 Hippolytus
552 2713 721 2802 premitur,
734 2712 790 2778 sed
802 2713 893 2777 aliter
906 2715 940 2778 in
956 2714 1069 2781 altero.
1088 2718 1174 2783 Eum

107 2821 136 2882 in
152 2841 284 2884 scenam
302 2819 413 2882 referri
428 2818 620 2882 morientem
635 2840 739 2908 graeco
752 2817 889 2906 placuit,
904 2835 937 2883 et
949 2843 969 2884 a
984 2820 1085 2886 Diana
1099 2846 1175 2912 pur·

106 2941 232 3012 gotum,
249 2923 417 2986 insontem
423 2921 549 2986 Theseo
560 2922 752 3011 approbari:
771 2944 843 3009 quar
859 2921 991 3010 quidem
1007 2923 1089 2990 adeo
1100 2950 1173 2992 sua·

104 3031 181 3094 riter
199 3027 457 3107 adumbrantur,
483 3045 520 3092 ut
544 3027 729 3092 innocentis
751 3025 920 3116 Hippolyti
937 3046 971 3093 et
985 3033 1172 3118 poenitentis

104 3137 198 3230 petris
223 3151 360 3224 aspectu
379 3133 472 3198 valde
494 3150 745 3224 permoveantur
768 3133 879 3199 animi.
901 3136 1022 3202 Seneca
1045 3155 1172 3223 autern,

8 3320 10 3347 ἶ
103 3243 157 3330 qni
179 3241 307 3306 mavult
328 3241 398 3328 ipse
419 3239 529 3328 loqui,
552 3263 620 3304 non
642 3239 855 3343 Hippolytum
875 3240 1008 3328 quidem
1028 3243 1093 3330 (r),
1113 3247 1172 3311 sed

103 3348 248 3412 membra
262 3347 333 3429 ejus
347 3346 464 3411 misere
480 3344 640 3434 discerpta
654 3345 690 3408 in
704 3367 835 3410 scenam
850 3343 993 3428 reducit,
1009 3369 1028 3410 a
1044 3350 1172 3416 famulis

133 3637 170 3706 (r)
185 3636 286 3689 Forsan
298 3645 325 3687 et
337 3633 367 3686 in
378 3631 515 3706 Euripidis
528 3631 678 3706 Hippolyto
686 3635 864 3706 salentoplrs
884 3629 1045 3686 efferebatur
1063 3633 1090 3687 in
1113 3655 1170 3690 sce·

101 3742 156 3774 nam
170 3723 289 3775 relatum
302 3719 440 3793 Hippolyti
451 3738 550 3793 corpus
567 3718 642 3790 (vid.
655 3719 789 3792 Musgrar.
804 3718 838 3771 de
851 3717 948 3789 fragm.
961 3715 1084 3792 Euripid.
1098 3724 1170 3777 Alias

99 3811 141 3863 alii
151 3811 188 3864 sic
199 3809 335 3882 inscripta
348 3807 482 3880 tragoediae
493 3827 584 3862 mosas
596 3809 712 3862 alierum
720 3811 739 3877 ).
758 3809 868 3861 Constet
885 3805 978 3860 saltem
990 3825 1044 3862 nou
1055 3811 1172 3880 potuisse

98 3917 180 3969 grem
195 3910 281 3970 poeta
303 3895 435 3950 immania
456 3895 503 3952 illa
519 3897 643 3970 placere,
674 3911 733 3969 quse
749 3893 870 3966 prolerre
890 3895 977 3967 palem
997 3895 1097 3952 Seneca
1113 3919 1169 3953 uon

100 3984 234 4040 dubitarit

193 4091 222 4155 l.
245 4105 400 4167 Sensupars
414 4097 489 4146 tertio.
1006 4108 1028 4152 e
