<?xml version="1.0" encoding="UTF-8"?>
<!DOCTYPE html PUBLIC "-//W3C//DTD XHTML 1.0 Transitional//EN"
    "http://www.w3.org/TR/xhtml1/DTD/xhtml1-transitional.dtd">
<html xmlns="http://www.w3.org/1999/xhtml" xml:lang="en" lang="en">
 <head>
  <title>
</title>
<meta http-equiv="Content-Type" content="text/html;charset=utf-8" />
  <meta name='ocr-system' content='tesseract 3.04.00' />
  <meta name='ocr-capabilities' content='ocr_page ocr_carea ocr_par ocr_line ocrx_word'/>
</head>
<body>
  <div class='ocr_page' id='page_1' title='image "./lannsenecparste02piergoog_0125.png"; bbox 0 0 3118 5138; ppageno 0'>
   <div class='ocr_carea' id='block_1_1' title="bbox 371 517 1205 737">
    <p class='ocr_par' dir='ltr' id='par_1_1' title="bbox 371 517 1205 737">
     <span class='ocr_line' id='line_1_1' title="bbox 371 517 1205 594; baseline -0.01 0"><span class='ocrx_word' id='word_1_1' title='bbox 371 547 438 594; x_wconf 81' lang='lat' dir='ltr'>cxx</span> <span class='ocrx_word' id='word_1_2' title='bbox 587 518 648 587; x_wconf 87' lang='lat' dir='ltr'>DE</span> <span class='ocrx_word' id='word_1_3' title='bbox 673 517 931 588; x_wconf 86' lang='lat' dir='ltr'><strong>GENERIBUS</strong></span> <span class='ocrx_word' id='word_1_4' title='bbox 956 517 1205 586; x_wconf 84' lang='lat' dir='ltr'><strong>CARMINUM</strong></span> 
     </span>
     <span class='ocr_line' id='line_1_2' title="bbox 412 646 926 737; baseline -0.014 -19"><span class='ocrx_word' id='word_1_5' title='bbox 412 657 492 718; x_wconf 83' lang='lat' dir='ltr'>Item</span> <span class='ocrx_word' id='word_1_6' title='bbox 509 650 542 712; x_wconf 94' lang='lat' dir='ltr'>in</span> <span class='ocrx_word' id='word_1_7' title='bbox 559 648 771 737; x_wconf 77' lang='lat' dir='ltr'>anapaestico3</span> <span class='ocrx_word' id='word_1_8' title='bbox 786 646 926 727; x_wconf 86' lang='lat' dir='ltr'><strong>ibidem,</strong></span> 
     </span>
    </p>
   </div>
   <div class='ocr_carea' id='block_1_2' title="bbox 490 767 957 920">
    <p class='ocr_par' dir='ltr' id='par_1_2' title="bbox 490 767 957 920">
     <span class='ocr_line' id='line_1_3' title="bbox 491 767 957 834; baseline -0.013 -9"><span class='ocrx_word' id='word_1_9' title='bbox 491 772 618 825; x_wconf 76' lang='lat' dir='ltr'>Contenta</span> <span class='ocrx_word' id='word_1_10' title='bbox 631 785 714 834; x_wconf 82' lang='lat' dir='ltr'>sono,</span> <span class='ocrx_word' id='word_1_11' title='bbox 727 769 841 822; x_wconf 78' lang='lat' dir='ltr'>Hectora</span> <span class='ocrx_word' id='word_1_12' title='bbox 856 767 957 821; x_wconf 81' lang='lat' dir='ltr'>flemus.</span> 
     </span>
     <span class='ocr_line' id='line_1_4' title="bbox 490 856 848 920; baseline -0.017 -6"><span class='ocrx_word' id='word_1_13' title='bbox 490 856 667 920; x_wconf 70' lang='lat' dir='ltr'>caruitne,</span> <span class='ocrx_word' id='word_1_14' title='bbox 682 857 730 910; x_wconf 90' lang='lat' dir='ltr'>lde</span> <span class='ocrx_word' id='word_1_15' title='bbox 744 856 848 910; x_wconf 84' lang='lat' dir='ltr'>nostrie.</span> 
     </span>
    </p>
   </div>
   <div class='ocr_carea' id='block_1_3' title="bbox 370 955 1435 1682">
    <p class='ocr_par' dir='ltr' id='par_1_3' title="bbox 370 955 1435 1158">
     <span class='ocr_line' id='line_1_5' title="bbox 413 955 1435 1069; baseline -0.003 -19"><span class='ocrx_word' id='word_1_16' title='bbox 413 983 513 1069; x_wconf 92' lang='lat' dir='ltr'>Quod</span> <span class='ocrx_word' id='word_1_17' title='bbox 534 983 637 1047; x_wconf 86' lang='lat' dir='ltr'>tribua</span> <span class='ocrx_word' id='word_1_18' title='bbox 658 982 726 1046; x_wconf 85' lang='lat' dir='ltr'>aliis</span> <span class='ocrx_word' id='word_1_19' title='bbox 740 999 893 1069; x_wconf 85' lang='lat' dir='ltr'>praeterea</span> <span class='ocrx_word' id='word_1_20' title='bbox 907 955 1051 1062; x_wconf 81' lang='lat' dir='ltr'>ejusdcm</span> <span class='ocrx_word' id='word_1_21' title='bbox 1065 982 1215 1048; x_wconf 81' lang='lat' dir='ltr'>carminis</span> <span class='ocrx_word' id='word_1_22' title='bbox 1232 983 1310 1047; x_wconf 90' lang='lat' dir='ltr'>locis</span> <span class='ocrx_word' id='word_1_23' title='bbox 1326 985 1435 1048; x_wconf 91' lang='lat' dir='ltr'>anim-</span> 
     </span>
     <span class='ocr_line' id='line_1_6' title="bbox 370 1091 576 1158; baseline -0.034 0"><span class='ocrx_word' id='word_1_24' title='bbox 370 1091 576 1158; x_wconf 79' lang='lat' dir='ltr'>advertimus.</span> 
     </span>
    </p>

    <p class='ocr_par' dir='ltr' id='par_1_4' title="bbox 370 1192 1435 1490">
     <span class='ocr_line' id='line_1_7' title="bbox 413 1192 1435 1283; baseline -0.002 -23"><span class='ocrx_word' id='word_1_25' title='bbox 413 1197 471 1260; x_wconf 85' lang='lat' dir='ltr'>Eat</span> <span class='ocrx_word' id='word_1_26' title='bbox 485 1193 582 1272; x_wconf 82' lang='lat' dir='ltr'>hujus</span> <span class='ocrx_word' id='word_1_27' title='bbox 598 1192 747 1256; x_wconf 85' lang='lat' dir='ltr'>carminis</span> <span class='ocrx_word' id='word_1_28' title='bbox 764 1193 891 1256; x_wconf 84' lang='lat' dir='ltr'>bonitas</span> <span class='ocrx_word' id='word_1_29' title='bbox 910 1208 942 1256; x_wconf 88' lang='lat' dir='ltr'>et</span> <span class='ocrx_word' id='word_1_30' title='bbox 959 1193 1115 1282; x_wconf 78' lang='lat' dir='ltr'>elegantia</span> <span class='ocrx_word' id='word_1_31' title='bbox 1132 1194 1312 1282; x_wconf 69' lang='lat' dir='ltr'>precipua,</span> <span class='ocrx_word' id='word_1_32' title='bbox 1329 1195 1356 1259; x_wconf 90' lang='lat' dir='ltr'>si</span> <span class='ocrx_word' id='word_1_33' title='bbox 1375 1217 1435 1283; x_wconf 84' lang='lat' dir='ltr'>pe-</span> 
     </span>
     <span class='ocr_line' id='line_1_8' title="bbox 371 1297 1435 1387; baseline -0.006 -19"><span class='ocrx_word' id='word_1_34' title='bbox 371 1301 466 1368; x_wconf 88' lang='lat' dir='ltr'>dibus</span> <span class='ocrx_word' id='word_1_35' title='bbox 479 1297 628 1387; x_wconf 82' lang='lat' dir='ltr'>singulis,</span> <span class='ocrx_word' id='word_1_36' title='bbox 648 1297 781 1386; x_wconf 82' lang='lat' dir='ltr'>singulae</span> <span class='ocrx_word' id='word_1_37' title='bbox 796 1313 902 1386; x_wconf 87' lang='lat' dir='ltr'>partes</span> <span class='ocrx_word' id='word_1_38' title='bbox 917 1299 1071 1362; x_wconf 84' lang='lat' dir='ltr'>orationis</span> <span class='ocrx_word' id='word_1_39' title='bbox 1084 1297 1238 1364; x_wconf 88' lang='lat' dir='ltr'>finiantur</span> <span class='ocrx_word' id='word_1_40' title='bbox 1251 1323 1259 1364; x_wconf 89' lang='lat'>:</span> <span class='ocrx_word' id='word_1_41' title='bbox 1274 1300 1391 1382; x_wconf 85' lang='lat' dir='ltr'>altera,</span> <span class='ocrx_word' id='word_1_42' title='bbox 1407 1300 1435 1362; x_wconf 92' lang='lat' dir='ltr'>si</span> 
     </span>
     <span class='ocr_line' id='line_1_9' title="bbox 370 1401 1188 1490; baseline -0.007 -17"><span class='ocrx_word' id='word_1_43' title='bbox 370 1404 587 1473; x_wconf 80' lang='lat' dir='ltr'>dimensiones</span> <span class='ocrx_word' id='word_1_44' title='bbox 601 1403 677 1490; x_wconf 81' lang='lat' dir='ltr'>ipsae</span> <span class='ocrx_word' id='word_1_45' title='bbox 692 1419 781 1489; x_wconf 89' lang='lat' dir='ltr'>parte</span> <span class='ocrx_word' id='word_1_46' title='bbox 796 1401 950 1466; x_wconf 84' lang='lat' dir='ltr'>orationis</span> <span class='ocrx_word' id='word_1_47' title='bbox 964 1405 1188 1468; x_wconf 86' lang='lat' dir='ltr'>terminentur.</span> 
     </span>
    </p>

    <p class='ocr_par' dir='ltr' id='par_1_5' title="bbox 414 1508 1104 1592">
     <span class='ocr_line' id='line_1_10' title="bbox 414 1508 1104 1592; baseline -0.003 -16"><span class='ocrx_word' id='word_1_48' title='bbox 414 1511 500 1576; x_wconf 87' lang='lat' dir='ltr'>Talis</span> <span class='ocrx_word' id='word_1_49' title='bbox 517 1523 567 1572; x_wconf 93' lang='lat' dir='ltr'>est</span> <span class='ocrx_word' id='word_1_50' title='bbox 582 1523 691 1571; x_wconf 89' lang='lat' dir='ltr'>autem</span> <span class='ocrx_word' id='word_1_51' title='bbox 703 1509 795 1572; x_wconf 85' lang='lat' dir='ltr'>solita</span> <span class='ocrx_word' id='word_1_52' title='bbox 812 1508 880 1589; x_wconf 89' lang='lat' dir='ltr'>ejus</span> <span class='ocrx_word' id='word_1_53' title='bbox 898 1509 1104 1592; x_wconf 87' lang='lat' dir='ltr'>constitutio,</span> 
     </span>
    </p>

    <p class='ocr_par' dir='ltr' id='par_1_6' title="bbox 513 1640 1118 1682">
     <span class='ocr_line' id='line_1_11' title="bbox 513 1640 1118 1682; baseline 0.005 -3"><span class='ocrx_word' id='word_1_54' title='bbox 513 1640 605 1680; x_wconf 79' lang='lat'>00·</span> <span class='ocrx_word' id='word_1_55' title='bbox 684 1641 776 1681; x_wconf 83' lang='grc'>00·</span> <span class='ocrx_word' id='word_1_56' title='bbox 854 1642 947 1680; x_wconf 85' lang='grc'>00·</span> <span class='ocrx_word' id='word_1_57' title='bbox 1026 1646 1118 1682; x_wconf 89' lang='grc'>00·</span> 
     </span>
    </p>
   </div>
   <div class='ocr_carea' id='block_1_4' title="bbox 513 1816 1114 1943">
    <p class='ocr_par' dir='ltr' id='par_1_7' title="bbox 513 1816 1114 1943">
     <span class='ocr_line' id='line_1_12' title="bbox 513 1816 1114 1864; baseline 0.003 -8"><span class='ocrx_word' id='word_1_58' title='bbox 513 1816 604 1856; x_wconf 75' lang='lat'>-00</span> <span class='ocrx_word' id='word_1_59' title='bbox 682 1822 774 1859; x_wconf 78' lang='lat'>·00</span> <span class='ocrx_word' id='word_1_60' title='bbox 852 1819 944 1857; x_wconf 80' lang='grc'>’00</span> <span class='ocrx_word' id='word_1_61' title='bbox 1007 1856 1009 1864; x_wconf 67' lang='grc'><em>,</em></span> <span class='ocrx_word' id='word_1_62' title='bbox 1066 1823 1114 1858; x_wconf 74' lang='grc'>’0</span> 
     </span>
     <span class='ocr_line' id='line_1_13' title="bbox 842 1904 950 1943; baseline -0.028 0"><span class='ocrx_word' id='word_1_63' title='bbox 842 1904 950 1943; x_wconf 89' lang='grc'>000</span> 
     </span>
    </p>
   </div>
   <div class='ocr_carea' id='block_1_5' title="bbox 298 2021 1465 2448">
    <p class='ocr_par' dir='ltr' id='par_1_8' title="bbox 298 2021 1465 2448">
     <span class='ocr_line' id='line_1_14' title="bbox 417 2021 1435 2113; baseline 0 -25"><span class='ocrx_word' id='word_1_64' title='bbox 417 2022 567 2088; x_wconf 80' lang='lat' dir='ltr'>Admittit</span> <span class='ocrx_word' id='word_1_65' title='bbox 585 2022 759 2111; x_wconf 82' lang='lat' dir='ltr'>aliquando</span> <span class='ocrx_word' id='word_1_66' title='bbox 775 2021 873 2111; x_wconf 88' lang='lat' dir='ltr'>pedes</span> <span class='ocrx_word' id='word_1_67' title='bbox 892 2025 1031 2104; x_wconf 88' lang='lat' dir='ltr'>alienos,</span> <span class='ocrx_word' id='word_1_68' title='bbox 1048 2045 1105 2086; x_wconf 89' lang='lat' dir='ltr'>seu</span> <span class='ocrx_word' id='word_1_69' title='bbox 1119 2022 1173 2110; x_wconf 89' lang='lat' dir='ltr'>(ut</span> <span class='ocrx_word' id='word_1_70' title='bbox 1186 2023 1331 2111; x_wconf 84' lang='lat' dir='ltr'>Servius)</span> <span class='ocrx_word' id='word_1_71' title='bbox 1341 2026 1435 2113; x_wconf 82' lang='lat' dir='ltr'>igno-</span> 
     </span>
     <span class='ocr_line' id='line_1_15' title="bbox 371 2126 1465 2218; baseline 0.001 -25"><span class='ocrx_word' id='word_1_72' title='bbox 371 2131 470 2210; x_wconf 87' lang='lat' dir='ltr'>biles,</span> <span class='ocrx_word' id='word_1_73' title='bbox 485 2145 517 2192; x_wconf 91' lang='lat' dir='ltr'>et</span> <span class='ocrx_word' id='word_1_74' title='bbox 532 2129 590 2218; x_wconf 91' lang='lat' dir='ltr'>(ut</span> <span class='ocrx_word' id='word_1_75' title='bbox 603 2129 715 2192; x_wconf 89' lang='lat' dir='ltr'>Cicero</span> <span class='ocrx_word' id='word_1_76' title='bbox 732 2126 773 2191; x_wconf 92' lang='lat' dir='ltr'>de</span> <span class='ocrx_word' id='word_1_77' title='bbox 786 2128 943 2214; x_wconf 86' lang='lat' dir='ltr'>Oratore)</span> <span class='ocrx_word' id='word_1_78' title='bbox 958 2129 1115 2208; x_wconf 87' lang='lat' dir='ltr'>abjectos:</span> <span class='ocrx_word' id='word_1_79' title='bbox 1126 2151 1187 2193; x_wconf 87' lang='lat' dir='ltr'>nos</span> <span class='ocrx_word' id='word_1_80' title='bbox 1200 2130 1355 2194; x_wconf 84' lang='lat' dir='ltr'>hactenus</span> <span class='ocrx_word' id='word_1_81' title='bbox 1369 2130 1433 2194; x_wconf 90' lang='lat' dir='ltr'>im·</span> <span class='ocrx_word' id='word_1_82' title='bbox 1459 2165 1465 2173; x_wconf 89' lang='lat'><strong>·</strong></span> 
     </span>
     <span class='ocr_line' id='line_1_16' title="bbox 298 2233 1365 2328; baseline 0.001 -30"><span class='ocrx_word' id='word_1_83' title='bbox 298 2307 307 2328; x_wconf 83' lang='lat'><strong><em>.</em></strong></span> <span class='ocrx_word' id='word_1_84' title='bbox 370 2257 470 2323; x_wconf 84' lang='lat' dir='ltr'>puros</span> <span class='ocrx_word' id='word_1_85' title='bbox 486 2235 687 2313; x_wconf 82' lang='lat' dir='ltr'>vocavimus,</span> <span class='ocrx_word' id='word_1_86' title='bbox 707 2233 797 2320; x_wconf 91' lang='lat' dir='ltr'>quod</span> <span class='ocrx_word' id='word_1_87' title='bbox 812 2249 845 2297; x_wconf 88' lang='lat' dir='ltr'>et</span> <span class='ocrx_word' id='word_1_88' title='bbox 858 2256 1031 2298; x_wconf 88' lang='lat' dir='ltr'>numerum</span> <span class='ocrx_word' id='word_1_89' title='bbox 1048 2250 1082 2298; x_wconf 91' lang='lat' dir='ltr'>et</span> <span class='ocrx_word' id='word_1_90' title='bbox 1095 2255 1226 2298; x_wconf 87' lang='lat' dir='ltr'>versum</span> <span class='ocrx_word' id='word_1_91' title='bbox 1243 2235 1365 2299; x_wconf 82' lang='lat' dir='ltr'>vitient.</span> 
     </span>
     <span class='ocr_line' id='line_1_17' title="bbox 416 2338 1273 2448; baseline 0 -44"><span class='ocrx_word' id='word_1_92' title='bbox 416 2341 459 2448; x_wconf 43' lang='lat' dir='ltr'>In&#39;</span> <span class='ocrx_word' id='word_1_93' title='bbox 470 2339 574 2429; x_wconf 87' lang='lat' dir='ltr'>prima</span> <span class='ocrx_word' id='word_1_94' title='bbox 593 2338 669 2404; x_wconf 86' lang='lat' dir='ltr'>aede</span> <span class='ocrx_word' id='word_1_95' title='bbox 687 2360 833 2426; x_wconf 80' lang='lat' dir='ltr'>paeonem</span> <span class='ocrx_word' id='word_1_96' title='bbox 853 2340 1001 2422; x_wconf 81' lang='lat' dir='ltr'>tertium3</span> <span class='ocrx_word' id='word_1_97' title='bbox 1022 2341 1107 2403; x_wconf 90' lang='lat' dir='ltr'>utin</span> <span class='ocrx_word' id='word_1_98' title='bbox 1125 2339 1273 2430; x_wconf 69' lang='lat' dir='ltr'>oedipo,</span> 
     </span>
    </p>
   </div>
   <div class='ocr_carea' id='block_1_6' title="bbox 494 2453 940 2528">
    <p class='ocr_par' dir='ltr' id='par_1_9' title="bbox 494 2453 940 2528">
     <span class='ocr_line' id='line_1_18' title="bbox 494 2453 940 2528; baseline 0.002 -19"><span class='ocrx_word' id='word_1_99' title='bbox 494 2456 623 2528; x_wconf 81' lang='lat' dir='ltr'>Niveique</span> <span class='ocrx_word' id='word_1_100' title='bbox 633 2456 708 2512; x_wconf 80' lang='lat' dir='ltr'>lectis</span> <span class='ocrx_word' id='word_1_101' title='bbox 721 2453 834 2508; x_wconf 87' lang='lat' dir='ltr'>candida</span> <span class='ocrx_word' id='word_1_102' title='bbox 847 2456 940 2510; x_wconf 80' lang='lat' dir='ltr'>fontes.</span> 
     </span>
    </p>
   </div>
   <div class='ocr_carea' id='block_1_7' title="bbox 372 2591 1433 2884">
    <p class='ocr_par' dir='ltr' id='par_1_10' title="bbox 372 2591 1433 2884">
     <span class='ocr_line' id='line_1_19' title="bbox 417 2591 1433 2681; baseline 0 -27"><span class='ocrx_word' id='word_1_103' title='bbox 417 2594 566 2674; x_wconf 82' lang='lat' dir='ltr'>Quorum</span> <span class='ocrx_word' id='word_1_104' title='bbox 593 2606 699 2654; x_wconf 83' lang='lat' dir='ltr'>tamen</span> <span class='ocrx_word' id='word_1_105' title='bbox 715 2613 867 2654; x_wconf 88' lang='lat' dir='ltr'>versuum</span> <span class='ocrx_word' id='word_1_106' title='bbox 881 2591 964 2654; x_wconf 83' lang='lat' dir='ltr'>ultra</span> <span class='ocrx_word' id='word_1_107' title='bbox 985 2607 1060 2656; x_wconf 89' lang='lat' dir='ltr'>octo</span> <span class='ocrx_word' id='word_1_108' title='bbox 1076 2592 1110 2654; x_wconf 92' lang='lat' dir='ltr'>in</span> <span class='ocrx_word' id='word_1_109' title='bbox 1126 2591 1175 2655; x_wconf 89' lang='lat' dir='ltr'>his</span> <span class='ocrx_word' id='word_1_110' title='bbox 1189 2593 1348 2681; x_wconf 66' lang='lat' dir='ltr'>tragoediis</span> <span class='ocrx_word' id='word_1_111' title='bbox 1365 2616 1433 2657; x_wconf 88' lang='lat' dir='ltr'>non</span> 
     </span>
     <span class='ocr_line' id='line_1_20' title="bbox 372 2713 550 2762; baseline -0.028 -1"><span class='ocrx_word' id='word_1_112' title='bbox 372 2713 458 2762; x_wconf 87' lang='lat' dir='ltr'>sunt.</span> <span class='ocrx_word' id='word_1_113' title='bbox 547 2751 550 2756; x_wconf 89' lang='lat'>.</span> 
     </span>
     <span class='ocr_line' id='line_1_21' title="bbox 415 2799 1190 2884; baseline -0.003 -18"><span class='ocrx_word' id='word_1_114' title='bbox 415 2803 453 2866; x_wconf 92' lang='lat' dir='ltr'>In</span> <span class='ocrx_word' id='word_1_115' title='bbox 472 2799 613 2866; x_wconf 86' lang='lat' dir='ltr'>secunda</span> <span class='ocrx_word' id='word_1_116' title='bbox 632 2799 707 2864; x_wconf 89' lang='lat' dir='ltr'>sede</span> <span class='ocrx_word' id='word_1_117' title='bbox 722 2799 920 2884; x_wconf 82' lang='lat' dir='ltr'>baccheum3</span> <span class='ocrx_word' id='word_1_118' title='bbox 936 2817 974 2864; x_wconf 92' lang='lat' dir='ltr'>ut</span> <span class='ocrx_word' id='word_1_119' title='bbox 991 2802 1190 2884; x_wconf 68' lang='lat' dir='ltr'>irs-Octavia,</span> 
     </span>
    </p>
   </div>
   <div class='ocr_carea' id='block_1_8' title="bbox 492 2921 1012 2994">
    <p class='ocr_par' dir='ltr' id='par_1_11' title="bbox 492 2921 1012 2994">
     <span class='ocr_line' id='line_1_22' title="bbox 492 2921 1012 2994; baseline 0 -19"><span class='ocrx_word' id='word_1_120' title='bbox 492 2921 598 2994; x_wconf 83' lang='lat' dir='ltr'>Spernit</span> <span class='ocrx_word' id='word_1_121' title='bbox 609 2923 734 2994; x_wconf 81' lang='lat' dir='ltr'>superbos</span> <span class='ocrx_word' id='word_1_122' title='bbox 745 2921 912 2994; x_wconf 84' lang='lat' dir='ltr'>humilesque</span> <span class='ocrx_word' id='word_1_123' title='bbox 925 2923 1012 2976; x_wconf 76' lang='lat' dir='ltr'>simul.</span> 
     </span>
    </p>
   </div>
   <div class='ocr_carea' id='block_1_9' title="bbox 371 3049 1434 3249">
    <p class='ocr_par' dir='ltr' id='par_1_12' title="bbox 371 3049 1434 3249">
     <span class='ocr_line' id='line_1_23' title="bbox 415 3049 1433 3142; baseline 0.006 -28"><span class='ocrx_word' id='word_1_124' title='bbox 415 3050 514 3131; x_wconf 84' lang='lat' dir='ltr'>Cujus</span> <span class='ocrx_word' id='word_1_125' title='bbox 530 3049 605 3114; x_wconf 81' lang='lat' dir='ltr'>alibi</span> <span class='ocrx_word' id='word_1_126' title='bbox 622 3050 734 3113; x_wconf 87' lang='lat' dir='ltr'>similis</span> <span class='ocrx_word' id='word_1_127' title='bbox 754 3049 864 3114; x_wconf 85' lang='lat' dir='ltr'>nullus</span> <span class='ocrx_word' id='word_1_128' title='bbox 881 3067 938 3115; x_wconf 90' lang='lat' dir='ltr'>est.</span> <span class='ocrx_word' id='word_1_129' title='bbox 963 3049 1195 3116; x_wconf 82' lang='lat' dir='ltr'>observatione</span> <span class='ocrx_word' id='word_1_130' title='bbox 1215 3051 1349 3142; x_wconf 87' lang='lat' dir='ltr'>dignum</span> <span class='ocrx_word' id='word_1_131' title='bbox 1365 3074 1433 3136; x_wconf 84' lang='lat' dir='ltr'>est,</span> 
     </span>
     <span class='ocr_line' id='line_1_24' title="bbox 371 3155 1434 3249; baseline 0.005 -29"><span class='ocrx_word' id='word_1_132' title='bbox 371 3155 460 3244; x_wconf 88' lang='lat' dir='ltr'>quod</span> <span class='ocrx_word' id='word_1_133' title='bbox 476 3157 587 3220; x_wconf 88' lang='lat' dir='ltr'>Cicero</span> <span class='ocrx_word' id='word_1_134' title='bbox 610 3171 805 3244; x_wconf 81' lang='lat' dir='ltr'>anapaeatum</span> <span class='ocrx_word' id='word_1_135' title='bbox 825 3156 960 3244; x_wconf 88' lang='lat' dir='ltr'>pedem,</span> <span class='ocrx_word' id='word_1_136' title='bbox 977 3180 1037 3246; x_wconf 87' lang='lat' dir='ltr'>pro</span> <span class='ocrx_word' id='word_1_137' title='bbox 1056 3157 1128 3245; x_wconf 89' lang='lat' dir='ltr'>ipsc</span> <span class='ocrx_word' id='word_1_138' title='bbox 1145 3161 1287 3224; x_wconf 85' lang='lat' dir='ltr'>carmine</span> <span class='ocrx_word' id='word_1_139' title='bbox 1304 3181 1434 3249; x_wconf 78' lang='lat' dir='ltr'>anapae-</span> 
     </span>
    </p>
   </div>
   <div class='ocr_carea' id='block_1_10' title="bbox 249 3258 1433 3351">
    <p class='ocr_par' dir='ltr' id='par_1_13' title="bbox 249 3258 1433 3351">
     <span class='ocr_line' id='line_1_25' title="bbox 249 3258 1433 3351; baseline 0.003 -27"><span class='ocrx_word' id='word_1_140' title='bbox 249 3323 254 3334; x_wconf 84' lang='grc'><em>,</em></span> <span class='ocrx_word' id='word_1_141' title='bbox 371 3262 450 3324; x_wconf 87' lang='lat' dir='ltr'>stico</span> <span class='ocrx_word' id='word_1_142' title='bbox 464 3261 558 3349; x_wconf 90' lang='lat' dir='ltr'>ponit</span> <span class='ocrx_word' id='word_1_143' title='bbox 572 3275 627 3325; x_wconf 89' lang='lat' dir='ltr'>:ut</span> <span class='ocrx_word' id='word_1_144' title='bbox 638 3259 678 3324; x_wconf 91' lang='lat' dir='ltr'>de</span> <span class='ocrx_word' id='word_1_145' title='bbox 692 3260 844 3324; x_wconf 86' lang='lat' dir='ltr'>Finibus:</span> <span class='ocrx_word' id='word_1_146' title='bbox 859 3258 1029 3350; x_wconf 79' lang='lat' dir='ltr'>Groecr&#39;qui</span> <span class='ocrx_word' id='word_1_147' title='bbox 1035 3261 1095 3326; x_wconf 79' lang='lat' dir='ltr'>doc</span> <span class='ocrx_word' id='word_1_148' title='bbox 1104 3275 1265 3351; x_wconf 73' lang='lat' dir='ltr'>anapaesto</span> <span class='ocrx_word' id='word_1_149' title='bbox 1277 3267 1433 3341; x_wconf 79' lang='lat' dir='ltr'>ct&#39;tautur,</span> 
     </span>
    </p>
   </div>
   <div class='ocr_carea' id='block_1_11' title="bbox 371 3367 944 3455">
    <p class='ocr_par' dir='ltr' id='par_1_14' title="bbox 371 3367 944 3455">
     <span class='ocr_line' id='line_1_26' title="bbox 371 3367 944 3455; baseline 0.002 -25"><span class='ocrx_word' id='word_1_150' title='bbox 371 3367 486 3449; x_wconf 87' lang='lat' dir='ltr'>idest,</span> <span class='ocrx_word' id='word_1_151' title='bbox 503 3368 567 3432; x_wconf 84' lang='lat' dir='ltr'>hcc</span> <span class='ocrx_word' id='word_1_152' title='bbox 582 3367 724 3432; x_wconf 88' lang='lat' dir='ltr'>carmine</span> <span class='ocrx_word' id='word_1_153' title='bbox 742 3369 944 3455; x_wconf 84' lang='lat' dir='ltr'>auapaestico.</span> 
     </span>
    </p>
   </div>
   <div class='ocr_carea' id='block_1_12' title="bbox 754 3559 1052 3624">
    <p class='ocr_par' dir='ltr' id='par_1_15' title="bbox 754 3559 1052 3624">
     <span class='ocr_line' id='line_1_27' title="bbox 754 3559 1052 3624; baseline 0 -2"><span class='ocrx_word' id='word_1_154' title='bbox 754 3560 813 3622; x_wconf 91' lang='lat' dir='ltr'>DE</span> <span class='ocrx_word' id='word_1_155' title='bbox 835 3559 1052 3624; x_wconf 85' lang='lat' dir='ltr'>SAPPHlCO.</span> 
     </span>
    </p>
   </div>
   <div class='ocr_carea' id='block_1_13' title="bbox 371 3702 1436 3991">
    <p class='ocr_par' dir='ltr' id='par_1_16' title="bbox 371 3702 1436 3991">
     <span class='ocr_line' id='line_1_28' title="bbox 415 3702 1435 3792; baseline 0.009 -27"><span class='ocrx_word' id='word_1_156' title='bbox 415 3702 442 3765; x_wconf 93' lang='grc' dir='ltr'>Ι.</span> <span class='ocrx_word' id='word_1_157' title='bbox 466 3702 660 3789; x_wconf 80' lang='lat' dir='ltr'>sapphicum</span> <span class='ocrx_word' id='word_1_158' title='bbox 680 3702 1007 3791; x_wconf 80' lang='lat' dir='ltr'>braclrycatalectum,</span> <span class='ocrx_word' id='word_1_159' title='bbox 1027 3704 1116 3792; x_wconf 87' lang='lat' dir='ltr'>quod</span> <span class='ocrx_word' id='word_1_160' title='bbox 1130 3722 1255 3771; x_wconf 84' lang='lat' dir='ltr'>constat</span> <span class='ocrx_word' id='word_1_161' title='bbox 1276 3708 1435 3790; x_wconf 85' lang='lat' dir='ltr'>molosso,</span> 
     </span>
     <span class='ocr_line' id='line_1_29' title="bbox 371 3807 1436 3902; baseline 0.008 -31"><span class='ocrx_word' id='word_1_162' title='bbox 371 3822 548 3894; x_wconf 65' lang='lat' dir='ltr'>anapaesto,</span> <span class='ocrx_word' id='word_1_163' title='bbox 575 3807 736 3891; x_wconf 83' lang='lat' dir='ltr'>bacchco‚</span> <span class='ocrx_word' id='word_1_164' title='bbox 762 3807 797 3872; x_wconf 94' lang='lat' dir='ltr'>id</span> <span class='ocrx_word' id='word_1_165' title='bbox 820 3809 973 3873; x_wconf 89' lang='lat' dir='ltr'>inseritur</span> <span class='ocrx_word' id='word_1_166' title='bbox 995 3811 1103 3876; x_wconf 90' lang='lat' dir='ltr'>Choro</span> <span class='ocrx_word' id='word_1_167' title='bbox 1130 3811 1258 3878; x_wconf 83' lang='lat' dir='ltr'>cuidam</span> <span class='ocrx_word' id='word_1_168' title='bbox 1289 3814 1322 3878; x_wconf 93' lang='lat' dir='ltr'>in</span> <span class='ocrx_word' id='word_1_169' title='bbox 1349 3819 1436 3902; x_wconf 83' lang='lat' dir='ltr'>Aga·</span> 
     </span>
     <span class='ocr_line' id='line_1_30' title="bbox 373 3933 564 3991; baseline -0.005 -16"><span class='ocrx_word' id='word_1_170' title='bbox 373 3933 564 3991; x_wconf 88' lang='lat' dir='ltr'>memnone,</span> 
     </span>
    </p>
   </div>
   <div class='ocr_carea' id='block_1_14' title="bbox 489 4023 885 4166">
    <p class='ocr_par' dir='ltr' id='par_1_17' title="bbox 489 4023 885 4166">
     <span class='ocr_line' id='line_1_31' title="bbox 489 4023 885 4099; baseline 0.013 -23"><span class='ocrx_word' id='word_1_171' title='bbox 489 4023 545 4099; x_wconf 31' lang='lat' dir='ltr'>&#39;Qui</span> <span class='ocrx_word' id='word_1_172' title='bbox 556 4025 646 4078; x_wconf 75' lang='lat' dir='ltr'>vultus</span> <span class='ocrx_word' id='word_1_173' title='bbox 655 4025 811 4080; x_wconf 78' lang='lat' dir='ltr'>Acherontis</span> <span class='ocrx_word' id='word_1_174' title='bbox 824 4028 885 4082; x_wconf 85' lang='lat' dir='ltr'>atri.</span> 
     </span>
     <span class='ocr_line' id='line_1_32' title="bbox 509 4125 869 4166; baseline 0.008 -21"><span class='ocrx_word' id='word_1_175' title='bbox 509 4131 524 4145; x_wconf 92' lang='lat'>.</span> <span class='ocrx_word' id='word_1_176' title='bbox 568 4131 583 4146; x_wconf 89' lang='lat'><strong>.</strong></span> <span class='ocrx_word' id='word_1_177' title='bbox 613 4133 629 4148; x_wconf 91' lang='lat'><strong>.</strong></span> <span class='ocrx_word' id='word_1_178' title='bbox 655 4130 675 4164; x_wconf 60' lang='grc' dir='ltr'>υ</span> <span class='ocrx_word' id='word_1_179' title='bbox 699 4131 718 4166; x_wconf 65' lang='lat'><em>0</em></span> <span class='ocrx_word' id='word_1_180' title='bbox 746 4135 761 4148; x_wconf 91' lang='lat'><strong>.</strong></span> <span class='ocrx_word' id='word_1_181' title='bbox 787 4125 806 4160; x_wconf 58' lang='grc' dir='ltr'>υ</span> <span class='ocrx_word' id='word_1_182' title='bbox 826 4135 869 4148; x_wconf 95' lang='grc'>..</span> 
     </span>
    </p>
   </div>
   <div class='ocr_carea' id='block_1_15' title="bbox 0 0 1564 5138">
    <p class='ocr_par' dir='ltr' id='par_1_18' title="bbox 0 0 1564 5138">
     <span class='ocr_line' id='line_1_33' title="bbox 0 0 1564 5138; baseline 0 0"><span class='ocrx_word' id='word_1_183' title='bbox 0 0 1564 5138; x_wconf 95' lang='lat' dir='ltr'> </span> 
     </span>
    </p>
   </div>
  </div>
 </body>
</html>
