3172 5138
466 491 986 560 Antittlnvnltslonus.
1178 489 1254 585 359

194 621 273 676 editt.
295 633 358 675 rett.
376 622 455 674 tem.
474 620 574 674 lsosrd.
590 620 678 692 egid.
698 621 792 673 Philel.
812 622 916 673 Arcens.
938 623 1033 672 Arent.
1051 620 1129 674 vtm.
1147 621 1254 694 Gryplr.

195 701 418 755 Petr.Buden.1u
430 701 486 754 MS.
499 705 574 770 8029
588 712 614 754 et
626 699 700 754 editt.
713 699 816 754 Febric.
828 699 939 770 lleplrel.
949 699 1077 753 Conmel.
1090 701 1163 754 Delr.
1174 701 1254 756 Grnt.

195 782 286 836 licius.
304 780 388 835 Scrir.
402 781 480 834 Furn.
493 781 576 853 Thys.
589 780 709 834 Gronov.
724 780 828 852 llipont.
842 791 868 833 et
881 777 959 832 Both.
973 777 1055 842 airus,
1074 778 1149 850 qnod
1161 783 1256 853 reponi

193 861 271 915 iner‘le
317 861 375 914 tier.

235 879 357 1011 765PPBt
370 940 448 993 butu.
465 937 587 992 Berthius
600 939 628 992 in
642 937 751 992 Adrere.
765 939 806 1004 X,
822 937 915 1002 1⁵‚cx
928 935 1002 990 MSS.
1014 935 1104 991 laudet
1117 939 1168 991 ine
1179 941 1248 993 lentis

234 1023 301 1089 767.
318 1020 436 1088 Qraerente
447 1020 530 1072 elene.
540 1019 604 1072 fleo
610 1017 786 1072 vetustissime
795 1017 873 1070 lectio
885 1029 933 1083 est,
943 1029 970 1069 et
978 1031 1056 1070 sensu
1064 1015 1182 1086 optimae
1194 1037 1257 1073 nem

193 1103 262 1170 queri
269 1097 378 1152 ridetur
392 1099 520 1162 rhenum,
534 1096 601 1152 dum
613 1097 686 1151 nude
697 1109 806 1163 estuat,
819 1107 845 1149 et
858 1093 990 1166 indigneri
1003 1109 1057 1152 um
1067 1096 1181 1150 netum
1191 1117 1257 1171 epu·

193 1176 249 1230 lus:
265 1177 490 1249 utrumqueenim
504 1195 609 1232 sensum
622 1177 651 1230 iu
662 1195 719 1230 nno
731 1177 813 1229 verbo
824 1187 901 1248 poete
915 1175 1031 1229 iriciusit.
1048 1175 1110 1228 lion
1126 1189 1166 1230 est
1176 1177 1257 1249 igitur

194 1255 269 1309 unde
281 1257 361 1311 Both.
371 1270 477 1328 respuet
487 1258 628 1328 vulgatum,
637 1267 663 1310 et
671 1256 850 1310 Florentinum
864 1255 1004 1308 lectionem
1014 1253 1133 1310 innudet
1143 1258 1258 1311 annun

192 1336 285 1398 aheno,
307 1355 368 1390 cunr
383 1336 434 1389 hoe
449 1350 620 1407 contemptu:
646 1335 734 1390 ..taus
750 1337 807 1407 ejus
820 1332 894 1387 modi
909 1333 1048 1388 fictionum
1064 1335 1115 1386 hoe
1127 1336 1194 1390 loeo.
1209 1339 1257 1392 Est

193 1413 288 1468 modm
302 1416 330 1468 in
342 1416 429 1469 rebus.
442 1442 454 1463 ι
481 1415 563 1480 Quat
575 1418 629 1488 jem
641 1414 746 1487 pridem
759 1414 927 1468 menifestum
939 1414 974 1468 eit
986 1431 1042 1468 noe
1054 1415 1166 1486 intelligi
1179 1435 1256 1489 posse

191 1507 303 1566 querens
312 1496 406 1548 elene!
427 1496 483 1550 Nos
497 1511 562 1549 vero
574 1496 731 1550 arbitramur
745 1495 814 1547 nihil
828 1492 943 1547 lucidius
958 1493 1008 1546 hec
1022 1493 1176 1562 locutione,
1195 1515 1254 1568 qne

192 1572 313 1627 eumdem
326 1574 482 1629 sententium
498 1575 588 1628 innuit
600 1588 681 1648 etque
697 1575 810 1626 candente
822 1575 913 1638 uicum
928 1573 978 1626 nisi
989 1570 1066 1644 qnod
1080 1574 1187 1644 poetico
1198 1592 1253 1630 rer·

113 1685 116 1691 -
195 1654 269 1706 moni
282 1653 504 1707 accommodatior
514 1666 554 1709 est
565 1665 592 1707 et
602 1655 679 1725 plere
688 1653 884 1725 complectitur.

233 1735 299 1802 768.
324 1735 464 1790 ilausileit.
480 1733 525 1786 Sic
540 1732 683 1788 duodecim
700 1733 793 1787 Periss.
809 1745 835 1786 et
850 1730 926 1785 editt.
939 1733 1033 1784 Arent.
1049 1733 1126 1785 Vim.
1145 1732 1249 1806 Gryplt.

190 1811 262 1866 Petr.
284 1813 386 1867 Febr-ie.
407 1813 535 1869 Commel.
554 1815 625 1866 Deir.
640 1811 758 1868 Schroed.
773 1813 880 1884 Bipont.
894 1811 973 1864 Both.
990 1809 1089 1864 Buden.
1115 1813 1147 1866 ln
1160 1815 1251 1868 ticon.

190 1890 343 1954 Gronorio‚
362 1894 503 1946 transiluit.
525 1895 558 1947 In
573 1891 648 1946 MSS.
664 1891 757 1956 8031,
773 1894 865 1954 dulit,
880 1891 971 1954 8263,
989 1905 1017 1945 et
1035 1891 1063 1942 in
1080 1889 1155 1946 editt.
1171 1891 1249 1946 Fern.

191 1969 293 2024 [ward.
310 1971 396 2043 AEpid.
413 1972 508 2026 Philol.
526 1971 604 2025 Grnt.
616 1972 708 2026 Heius.
728 1971 843 2025 Scriver.
864 1970 942 2024 Peru.
956 1969 1040 2042 Thyn.
1054 1970 1174 2026 Gronor.
1189 1985 1252 2026 tren·

189 2050 257 2103 sitiit.
280 2053 403 2104 Attamen
416 2051 578 2116 Gronovius,
598 2052 661 2106 licet
676 2051 791 2106 transiliit
800 2049 896 2104 hubert
909 2049 938 2102 in
951 2061 1091 2104 contextu:
1111 2051 1172 2104 usic
1183 2051 1251 2106 duos

189 2147 298 2182 suornm
317 2130 415 2184 hebere
434 2143 543 2184 annotet
555 2131 686 2198 Gruterus
702 2126 812 2200 (nempe
825 2124 969 2193 immittit),
987 2140 1013 2181 et
1027 2129 1248 2186 inscribendum

187 2205 218 2260 id
233 2210 322 2264 verbi:
343 2211 410 2264 Nem
430 2212 559 2274 transiluit,
577 2211 680 2282 inquit,
695 2229 710 2262 a
726 2211 785 2262 sileo
796 2209 886 2281 potine
901 2206 1036 2264 derivetur
1049 2227 1127 2280 quem
1142 2213 1231 2266 erulio
1239 2235 1249 2276 ,-

192 2287 332 2359 Virgilium
344 2288 455 2352 dixnee,
467 2304 549 2344 unetos
562 2292 646 2346 sollers
655 2309 700 2361 per
710 2302 781 2344 utres.
795 2289 865 2361 Ergo
879 2286 949 2342 duos
965 2299 1069 2342 tentum
1080 2288 1108 2342 iu
1122 2301 1194 2344 teuto
1204 2309 1248 2350 co·

188 2367 252 2436 pir?
261 2367 334 2434 Quid
347 2383 435 2423 autem
446 2369 588 2424 Diomedes
598 2369 646 2424 lib.
658 2370 688 2422 1:
702 2371 835 2437 Perfectum
844 2370 940 2420 suerius
949 2370 1069 2420 coornari
1082 2368 1179 2422 videtur
1191 2371 1248 2426 sulii

187 2466 258 2518 quom
275 2448 364 2510 saliri,
382 2450 425 2501 sed
437 2450 544 2522 plen'que
562 2463 667 2502 veterum
687 2449 752 2502 solui
769 2448 888 2500 «linerent.
907 2447 983 2518 Virg.
1001 2445 1100 2502 Selttrre
1113 2467 1159 2518 per
1171 2462 1247 2516 ntra,

186 2529 206 2579 i.
219 2547 241 2580 e.
255 2529 383 2582 minorent.
398 2529 466 2582 Item
473 2529 531 2589 Lir.
544 2532 576 2583 ab
584 2531 619 2584 ll.
628 2531 658 2583 C.
672 2529 742 2582 libro
755 2528 853 2598 primo,
871 2544 942 2581 nom
952 2527 1103 2582 ,transiluisse
1113 2531 1247 2587 muroretc.

185 2603 289 2660 Similia
303 2607 451 2662 Priscianus
462 2620 489 2662 et
498 2606 660 2671 Cledoniue‚
677 2625 795 2679 quorum
813 2607 878 2662 ulter
889 2603 964 2660 eddit
977 2603 1070 2660 Ovidii
1080 2608 1261 2682 Perflcmmasl

183 2685 285 2739 nunu
291 2707 373 2756 peerss,
384 2689 484 2740 saisisse
493 2689 597 2740 colonos.
617 2689 740 2742 Transsleo
750 2698 837 2740 entem
846 2685 906 2757 quis
915 2683 1001 2738 dixit?
1014 2684 1065 2738 nisi
1076 2687 1122 2756 qui
1132 2699 1159 2740 et
1167 2700 1247 2740 truns-

180 2767 254 2828 jiceo.
267 2765 358 2821 Scribe
367 2767 448 2838 igitur
461 2768 606 2820 merlinu-
620 2800 660 2811 -
671 2767 835 2838 Trepidantem
845 2764 924 2816 Multi
933 2763 979 2816 elii
991 2767 1131 2834 crepitantes
1139 2761 1244 2827 (droul.

184 2844 267 2896 Vian.
284 2845 389 2916 Gryph.
401 2846 473 2901 Petr.
489 2846 592 2900 Febrio.
606 2846 716 2917 Rtphel.
730 2844 858 2898 Commel.
872 2839 944 2896 Deir.
958 2841 1035 2898 (ittet.
1053 2842 1143 2900 Heius
1159 2845 1243 2902 Sorir.

183 2921 263 2977 Furn.
275 2925 358 2998 Thys.
372 2939 399 2980 et
412 2925 488 2980 MSS.
501 2926 576 2980 8055
592 2938 618 2979 et
632 2921 725 2987 8261).
742 2923 849 2977 Monuit
864 2923 936 2978 Delr.
950 2911 1052 2992 (1576)
1066 2923 1095 2978 iu
1109 2925 1244 2978 veteribus

182 3002 249 3057 lilii).
261 3005 391 3057 contineri
402 3007 555 3076 trepidantes,
566 3004 639 3077 qnod
649 3003 828 3058 commoliunt
838 3002 866 3058 in
875 3015 963 3056 vetere
973 3018 1081 3071 quoqne
1092 3003 1244 3060 Coloniensi

183 3095 210 3134 et
226 3083 254 3135 iu
270 3083 416 3155 interprete
432 3085 539 3156 reperit.
560 3087 623 3138 Poet
633 3084 707 3148 illos,
717 3083 897 3152 Zinzerlingue
907 3079 1092 3136 rideturhenc
1102 3081 1244 3140 lectionem

181 3159 368 3230 plenissimam,
382 3166 403 3217 si
417 3165 557 3218 Gronovio
567 3163 699 3228 credetur,
709 3163 807 3227 iecisse,
821 3173 846 3218 et
859 3162 916 3232 ipse
929 3160 1081 3216 Gronovius
1090 3162 1245 3219 auctoritate

181 3241 330 3295 Florentini
343 3241 441 3298 codicis
454 3258 480 3298 et
491 3245 612 3316 quinque
624 3243 736 3296 eliorum
749 3242 929 3296 confirmavit:
943 3238 1014 3294 nude
1027 3239 1056 3294 in
1065 3241 1243 3296 recentiorum

180 3318 312 3376 editiones
327 3337 433 3395 recepte
444 3336 493 3378 eet.

222 3419 289 3471 77⁰·
305 3400 404 3456 Stridet.
419 3403 533 3474 Propter
544 3403 714 3456 consonantis
726 3402 803 3452 verbe
815 3401 884 3451 ardet
898 3413 924 3452 et
937 3399 1028 3464 stridet,
1042 3401 1128 3469 placet
1141 3401 1242 3456 Botheo

179 3479 305 3536 substitui
314 3483 404 3536 stridit.

185 3611 189 3621 ,
221 3577 287 3630 771.
298 3563 453 3634 Anstommoe
463 3567 540 3632 magis
551 3561 673 3618 Gemuere.
689 3560 810 3630 Plerique
820 3557 897 3612 Mss.
909 3560 992 3611 nostri
1003 3577 1065 3611 cnm
1076 3557 1150 3612 editt.
1162 3561 1238 3616 Foru.
1269 3555 1272 3572 ¹

179 3637 280 3692 houd.
292 3642 379 3712 AEgid.
390 3642 487 3695 Philol.
496 3644 600 3694 ducens.
616 3645 711 3692 livent.
725 3639 804 3692 Vinn.
814 3637 919 3710 Gryph.
930 3637 1001 3691 Petr.
1013 3637 1116 3693 Febric.
1128 3639 1238 3718 Rephel.
1301 3655 1303 3660 ·

178 3719 307 3773 Commel.
317 3722 396 3775 Both.
405 3723 547 3792 mrflommoe
554 3732 663 3789 genennt:
679 3717 801 3772 Gemuere.
819 3716 870 3772 Sed
881 3717 952 3770 Deir.
964 3716 1040 3772 Grut.
1051 3717 1142 3772 Heius.
1155 3718 1238 3774 Scriv.

177 3800 256 3855 Foru.
272 3800 355 3872 Thyn.
368 3800 486 3856 Gronov.
501 3799 608 3870 Bipont.
622 3812 648 3854 et
659 3797 756 3851 Badeo.
771 3817 831 3850 cum
845 3797 929 3850 trihus
941 3797 1037 3850 nostris
1051 3799 1138 3868 8029,
1154 3799 1239 3864 8030,

178 3878 267 3945 ⁸035,
277 3882 420 3952 ouflernmoe
430 3884 516 3949 magis,
526 3876 598 3950 quod
605 3879 740 3931 Pantanus
751 3877 778 3929 iu
788 3877 950 3930 Crnserituo
959 3895 1007 3930 suo
1018 3877 1118 3930 invenit
1127 3891 1153 3930 et
1164 3879 1238 3932 valde

176 3957 304 4013 laudarit.
329 3961 384 4014 Nec
400 3959 519 4012 diffiteor
530 3958 675 4029 elegantem
690 3976 744 4011 esse
757 3957 923 4010 iterationem
939 3957 1060 4010 vocabuli
1074 3977 1182 4027 gemere,
1208 3972 1238 4011 nt

174 4037 315 4092 contendit
322 4041 453 4092 Botheue:
465 4037 510 4092 sed
519 4037 707 4109 simpliciorem
715 4035 811 4108 opinor
821 4048 846 4089 et
859 4036 1012 4108 propiorem
1022 4052 1086 4089 vero
1096 4037 1236 4090 lectionem

174 4119 376 4184 Crnseriuunrn,
389 4119 550 4190 ceteroquin
563 4117 706 4171 multorum
721 4117 786 4168 libb.
800 4117 955 4170 anctoritate
968 4115 1112 4170 defensum.
1129 4117 1236 4169 Frustra

174 4211 263 4251 antem
276 4197 427 4252 Gronovius
442 4211 467 4251 et
484 4199 560 4252 Both.
577 4197 610 4252 de
625 4198 768 4258 imnerico,
782 4217 905 4265 gemerem,
922 4197 1026 4250 solliciti
1038 4195 1177 4261 videntur,
1191 4215 1239 4249 nec

1012 4293 1076 4371 23⁴
