3090 5142
363 531 424 627 lxij
635 533 880 604 HISTORICA
904 535 961 602 ET
987 534 1172 604 GRlTICA

363 652 483 746 goedias
498 653 602 720 tribus
609 670 664 719 aut
676 655 771 721 etiam
782 669 923 743 quatuor
932 655 1143 742 scriptoribua
1149 652 1382 744 adsignandas(
1405 657 1432 746 ).

365 815 459 872 vum.
469 821 483 846 ι
494 799 604 853 Nullum
616 798 645 851 in
657 797 812 871 antiquitate
825 810 1030 852 monumentum
1044 797 1124 861 novi,
1138 815 1192 869 quo
1205 796 1354 851 declaretur
1365 817 1433 852 oon-

365 886 420 942 dita
432 906 447 941 a
460 888 497 940 tt.
512 887 611 940 Annuo
623 887 722 942 &neca
734 887 851 942 Rhetore
862 885 980 940 carmina
995 903 1002 938 :
1020 903 1108 957 neque
1125 883 1277 940 ducendum
1290 903 1434 957 argumen-

363 989 422 1030 tum
434 993 465 1029 ex
477 974 639 1046 pra-omine
648 977 782 1043 (ualuas),
790 973 865 1046 quod
874 975 902 1028 in
915 973 1004 1028 multia
1015 991 1098 1026 manu
1109 974 1216 1046 acriptia
1226 972 1355 1039 habetne-3
1366 991 1432 1030 nan

363 1061 392 1116 in
402 1063 461 1116 aliia
471 1063 610 1134 prefertur
621 1066 717 1114 luciae.
728 1062 831 1126 Vetuati
839 1059 949 1134 quidam
961 1061 1103 1134 scriptores
1115 1073 1142 1114 et
1152 1061 1315 1132 grammatici
1323 1061 1432 1116 Senm

363 1154 464 1216 (utrum
486 1149 642 1225 designent,
661 1151 801 1219 incertum)
822 1148 1106 1216 Medeam,deea‚
1117 1149 1259 1202 llerculem
1279 1151 1432 1212 lucentem,

365 1237 539 1311 Hippolytum
556 1251 583 1292 et
600 1239 744 1312 Tbyeatetu
763 1236 920 1310 adsignant3
940 1256 970 1290 ex
987 1238 1084 1309 quibua
1097 1235 1235 1302 Troadas,
1256 1235 1431 1308 Hippolytum

365 1337 391 1378 at
410 1325 532 1380 Medeam
552 1327 587 1381 L.
606 1327 705 1378 Annae
723 1325 887 1399 Philoaopbo
907 1325 1028 1379 attribuit
1050 1323 1143 1379 Daniel
1167 1323 1434 1378 lleinsiua.Troadaa

363 1411 520 1487 uaqoediaur
536 1417 644 1468 divium
664 1414 798 1486 appellat:
818 1413 940 1468 omniunt
953 1412 1161 1485 antiquissimam
1174 1411 1352 1486 Hippolytum
1361 1411 1434 1486 judi·

366 1512 424 1568 eat,
438 1513 546 1574 propter
567 1501 694 1572 aqualem
716 1519 865 1573 puramque
888 1499 1040 1556 dietiouem.
1066 1501 1165 1556 liuram
1189 1497 1260 1553 idem
1288 1500 1433 1555 Herculem

366 1589 514 1655 furentem,
535 1588 698 1662 Thyeatem,
718 1588 857 1660 oedipum
878 1601 905 1642 et
924 1590 1121 1660 Agamemnona
1145 1588 1182 1640 ll.
1201 1590 1301 1641 Anneo
1325 1586 1433 1642 seneca

365 1673 503 1731 adscribit.
524 1677 615 1748 Longe
638 1676 717 1729 aliam
739 1677 815 1730 Lucii
838 1689 864 1730 et
881 1676 965 1730 Marci
985 1674 1120 1730 acribendi
1143 1674 1271 1730 rationem
1290 1675 1433 1746 opinatur:

366 1791 379 1811 ι
388 1763 533 1818 Character
542 1763 698 1836 utriunque,
715 1763 819 1836 inquit,
831 1778 860 1818 ut
872 1776 899 1818 et
909 1783 996 1818 acrmo
1012 1763 1127 1816 multum
1139 1762 1247 1817 diatoni.
1260 1763 1346 1817 Marci
1360 1761 1433 1816 enim

368 1853 430 1926 plua
449 1852 669 1906 declamatorium
687 1852 778 1907 babet.
796 1853 865 1918 Quae
882 1870 924 1906 rea
944 1853 983 1906 ita
998 1852 1077 1924 plana
1098 1863 1197 1915 eat„nt
1214 1851 1237 1903 ai
1252 1850 1320 1904 nibil
1333 1865 1435 1924 praeter

367 1942 509 2014 prologum
525 1940 644 2003 Medeai,
662 1953 708 1994 aut
725 1939 881 2005 Troadum,
901 1953 927 1994 et
948 1941 1072 1995 lleroulia
1092 1939 1206 1994 iurantia
1227 1951 1355 2006 enataret,
1374 1955 1432 1992 non

367 2029 446 2083 uniua
459 2047 516 2084 eaae
530 2028 652 2084 humoris
667 2027 811 2102 judicaturi
825 2028 965 2082 fuerimua.
981 2028 1063 2082 Marci
1081 2045 1151 2100 aepe
1166 2029 1258 2081 brevea
1271 2039 1297 2080 et
1314 2027 1434 2080 oonoiaaa

369 2115 459 2172 videaa
469 2115 612 2188 periodon
632 2114 714 2188 idque
731 2115 863 2170 nauminia
880 2133 967 2170 cauea.
980 2116 1058 2170 Lucii
1077 2115 1214 2187 panciorea
1227 2115 1372 2175 ἀναπαύσεις
1389 2115 1433 2169 ba·

369 2205 448 2272 bent,
469 2216 497 2258 et
513 2204 698 2277 antiquitatem
719 2205 800 2277 magia
817 2204 961 2275 rapiunt...
984 2206 1017 2258 ln
1029 2203 1114 2258 Lucio
1128 2221 1182 2258 uon
1195 2223 1257 2256 raro
1273 2214 1326 2256 tota
1346 2203 1433 2257 oratio

368 2292 486 2358 imouit,
499 2293 527 2346 in
537 2293 628 2346 Marco
635 2293 730 2364 sapiu·
739 2311 842 2366 gnoma
854 2305 957 2348 uotum
969 2294 1131 2346 inseruntur.
1141 2293 1242 2347 Cboroa
1251 2292 1362 2364 excipio.
1371 2293 1432 2345 Jam

371 2385 489 2438 beorum
503 2383 586 2455 major
595 2382 711 2454 aupeliex
722 2383 751 2435 in
761 2383 859 2448 Luciot
873 2399 932 2455 quta
944 2401 986 2438 rea
999 2384 1065 2436 mire
1075 2374 1258 2454 antiquitatem
1268 2382 1335 2452 sapit
1341 2419 1350 2445 ,
1360 2393 1412 2434 eto.
1421 2408 1434 2426 »-

370 2471 489 2544 Lipaiua,
503 2471 532 2523 in
545 2471 657 2543 epiatola
668 2487 750 2542 quam
758 2469 793 2523 ad
807 2471 1017 2544 llapltelengium
1031 2470 1065 2524 de
1078 2467 1172 2524 iisdem
1185 2469 1288 2533 aeribit,
1298 2468 1431 2532 Troadas,

371 2561 406 2612 ab
416 2558 525 2614 Heinsio
539 2569 677 2630 tantopere
690 2558 807 2610 laudatas
826 2571 851 2612 et
871 2579 886 2612 a
899 2559 1033 2631 scaligero
1053 2577 1102 2630 pro
1113 2561 1222 2626 principa
1235 2560 1367 2609 latinarum
1380 2571 1434 2607 ou-

368 2651 506 2718 gnatorum
523 2647 643 2713 habitae,
663 2657 694 2700 ut
713 2646 748 2698 ab
771 2647 851 2700 inerti
871 2659 897 2700 et
914 2646 1024 2719 ignobili
1047 2657 1156 2699 auctore
1174 2645 1293 2699 conditer
1312 2643 1434 2715 despicit.

371 2735 496 2789 liainaiua
507 2734 643 2790 Thebaida
657 2737 834 2787 Decianum-ia
848 2737 964 2804 fabulam
979 2753 1035 2788 erae
1047 2733 1158 2807 judicat.
1170 2733 1274 2804 Lipaiua‘
1288 2743 1382 2786 contra
1397 2732 1435 2785 aie

371 2842 428 2878 earn
442 2823 564 2876 omnibua
577 2819 695 2876 numeris
713 2822 859 2876 abaolutarn
875 2823 1002 2887 estimat,
1023 2834 1054 2876 ut
1071 2827 1108 2874 ad
1118 2825 1225 2892 Augusti
1236 2831 1312 2873 auum
1324 2821 1436 2889 resina·

372 2915 431 2964 dam
449 2911 612 2984 pronuntiet.
632 2911 761 2976 Qmmvia
782 2911 809 2962 in
831 2911 883 2963 hae
900 2923 977 2984 parte
992 2908 1122 2983 judicium
1137 2911 1194 2982 ejus
1208 2907 1353 2972 claudicet,
1368 2907 1435 2960 mihi

371 3011 461 3053 umen
480 2999 585 3053 videtur
597 2999 710 3071 propina
728 2997 763 3052 ad
782 2999 916 3052 veritatem
936 2999 1068 3072 opinionis
1085 3015 1187 3052 cumana
1206 2997 1351 3051 aoceaaiaae.
1364 2996 1438 3049 Poct-

373 3106 452 3162 qnam
467 3089 571 3160 magnit
584 3086 707 3141 laudibus
718 3086 840 3141 Medeam
859 3097 885 3141 et
900 3087 1037 3142 ‘lbebaida
1058 3085 1166 3148 extulit,
1184 3084 1240 3138 boc
1255 3084 1362 3157 adiicit:
1378 3109 1390 3131 ι
1401 3085 1435 3137 in

371 3177 431 3230 aliia
450 3177 559 3231 virtutea
579 3176 670 3242 video,
689 3175 736 3230 aad
754 3193 808 3230 non
824 3175 884 3229 *aine
901 3177 1019 3230 mixtura
1038 3175 1308 3230 vitiorum.....Sonua
1320 3173 1349 3224 in
1361 3173 1394 3226 iia
1407 3187 1436 3225 et

372 3251 505 3338 granditati
517 3263 640 3338 quedam
652 3265 765 3336 tragica,
783 3265 884 3330 luteor;
898 3263 946 3319 aed
958 3283 1045 3320 noune
1059 3263 1195 3318 eileetatio
1208 3278 1279 3333 aoepe
1290 3272 1317 3313 et
1325 3261 1437 3316 mmor?

373 3354 453 3406 verba
471 3366 497 3407 et
510 3353 593 3407 dictio
613 3372 648 3408 an
663 3370 855 3426 usquequaque
872 3353 972 3408 alecto?
990 3354 1048 3405 lam
1068 3351 1202 3405 sententiar
1219 3349 1324 3422 probe,
1337 3357 1436 3411 acutae,

372 3438 505 3494 interdum
518 3439 552 3492 ad
567 3441 746 3494 miraculum:
769 3439 815 3493 aed
828 3458 997 3511 nonneaape
1015 3449 1042 3492 et
1060 3437 1241 3498 sententiola?
1260 3435 1278 3488 i.
1298 3454 1323 3489 a.
1340 3436 1437 3498 fracta,

375 3528 477 3580 minuta
490 3527 610 3599 quadam
626 3529 711 3591 dicta,
725 3529 837 3582 obscura
851 3539 897 3581 aut
910 3546 998 3591 vana,
1021 3545 1083 3598 quaa
1107 3527 1235 3599 adapaotu
1257 3524 1439 3590 blandiantur,

372 3633 481 3670 eacuaaa
489 3627 614 3670 moveant
623 3616 707 3671 risum
721 3635 728 3668 :
745 3635 796 3669 nec
812 3615 883 3668 eninr
896 3615 1014 3678 lumina,
1029 3615 1075 3668 aed
1094 3615 1215 3670 acintilla
1229 3624 1304 3679 aont;
1316 3629 1367 3666 nec
1380 3620 1437 3668 veri

374 3704 505 3774 fortaaque
514 3703 600 3768 ietua,
622 3704 681 3768 aed,
700 3703 769 3758 utin
779 3704 901 3768 somnio,
920 3705 997 3774 parri
1008 3715 1035 3758 et
1044 3705 1106 3758 vani
1119 3714 1237 3758 conatur.
1253 3701 1327 3768 Quae
1346 3711 1438 3756 tamen

372 3791 441 3863 ipsae
453 3791 548 3844 crebro
564 3792 645 3844 nimia
666 3791 744 3846 et‘ad
766 3789 902 3845 fastidium
919 3791 1050 3855 inculcat,
1063 3807 1113 3844 nec
1126 3789 1245 3852 invenit,
1263 3788 1309 3844 aed
1324 3789 1439 3861 arripit;

372 3898 426 3934 non
444 3891 498 3932 tam
515 3897 563 3932 aua
580 3880 691 3934 fontanae
708 3899 788 3953 qnam
801 3879 852 3934 arri
864 3880 960 3952 culpa,
977 3880 1021 3932 oni
1036 3878 1222 3933 scholasticum
1238 3889 1264 3930 et
1277 3875 1439 3930 declamato-

373 3967 442 4022 rium
455 3968 507 4022 boc
525 3985 608 4038 genua
625 3969 663 4022 ita
677 3967 791 4041 placuit,
805 3982 831 4019 ut
840 3987 939 4036 operum
949 3971 1057 4020 amnium
1069 4004 1077 4031 ,
1090 3967 1166 4020 Fabii
1176 3967 1256 4019 verba
1270 3977 1346 4030 aunt,
1359 3971 1439 4019 solam

374 4059 485 4108 adrutum
500 4059 634 4108 sententias
648 4071 774 4124 piatorem.
789 4082 801 4101 υ

406 4145 445 4211 (r)
462 4144 612 4198 Arbitratur
621 4145 726 4216 Lipaina
739 4143 879 4217 pleraeque
893 4162 984 4198 earum
996 4145 1028 4196 L.
1039 4155 1085 4197 aut
1101 4143 1140 4195 tt.
1154 4141 1259 4196 cuidam
1276 4141 1382 4195 Senecae
1396 4153 1437 4193 at-
