3172 5138
432 527 963 602 ANIMADVERSIONES.
1153 537 1228 612 353

165 656 309 728 amplecti,
322 657 385 726 qnia
397 673 488 708 omnes
498 668 561 710 vett.
572 655 639 710 libb.
649 659 781 712 habebant
794 673 881 712 matres
893 675 986 715 temnere
996 679 1074 731 aoros,
1087 682 1114 723 et
1126 687 1231 742 potem

167 734 254 788 videri
266 734 368 788 dietum
383 733 417 788 td
427 735 602 788 imitationem
614 737 666 789 loci
675 738 829 809 Virgiliani,
840 742 973 808 AEn.v11‚
987 745 1025 796 Et
1035 749 1134 818 trepida
1147 767 1233 808 matres

164 834 272 884 pressere
283 814 319 866 od
326 827 424 886 pectora
437 827 514 867 natos.
529 814 660 872 Gruterus
675 816 743 870 hanc
754 821 911 873 sententiam
925 823 1105 886 conlinmvit.
1116 844 1142 882 et
1156 837 1232 888 resti.

169 895 223 947 tuit
238 894 356 966 pristina
372 893 495 965 dignitati
512 894 669 966 scripturam
683 896 804 950 omnium
820 899 896 954 MSS.
919 902 1008 954 Tenere
1029 905 1099 958 enim
1118 909 1161 964 hic
1178 932 1234 970 esse

168 987 217 1027 aut
230 975 365 1044 conplecti,
386 975 517 1044 mssrimene
533 974 569 1026 od
578 987 660 1044 pectus
678 975 805 1042 infantes,
822 991 869 1031 uttt
884 979 987 1032 idibem
1002 999 1134 1040 neruorum
1143 991 1179 1043 ad
1187 994 1235 1045 bel.

170 1055 219 1105 lum
240 1052 425 1106 adolescentes.
456 1052 574 1126 Grutero
590 1054 745 1126 suffragatur
762 1069 801 1109 est
818 1055 986 1126 Gronovius,
1006 1069 1231 1128 etauctoritatem

170 1132 288 1186 Florem.
301 1130 361 1185 eod.
376 1129 493 1185 addidit:
503 1131 549 1185 sed
562 1150 593 1185 ex
606 1133 653 1186 illo
663 1133 785 1188 ordinem
796 1138 940 1192 verborum
951 1141 1079 1209 mutavit,
1091 1158 1193 1204 utente
1203 1155 1235 1206 il·

170 1213 228 1264 lum
243 1215 340 1265 avant.
359 1224 385 1264 et
406 1212 486 1264 Vina.
507 1211 633 1274 fecerant,
650 1213 823 1285 scripsitque,
842 1231 873 1270 nt
893 1218 1034 1287 habemus,
1054 1237 1234 1285 nemetensem

169 1302 265 1344 matres.

214 1370 278 1440 567.
295 1370 428 1421 Renovare.
443 1369 524 1422 Puris.
542 1369 630 1440 8037,
645 1390 764 1442 reparare.

212 1450 279 1518 571.
295 1450 387 1500 Anxie
402 1451 485 1500 noctis.
508 1445 645 1503 Sexdecim
662 1445 755 1504 Poriss.
769 1469 830 1504 tunt
848 1453 918 1506 Phil.
930 1459 1035 1512 Arcens.
1047 1463 1141 1517 Arent.
1155 1468 1231 1523 Vim,

171 1527 274 1581 Fabric.
292 1527 377 1600 llapb.
391 1527 519 1580 Commel.
534 1529 607 1582 Deir.
622 1529 700 1582 Fara.
715 1529 797 1601 Tbys.
816 1552 841 1582 o.
855 1539 935 1597 aceti,
960 1535 1035 1607 quod
1050 1541 1095 1595 vix
1108 1543 1236 1620 intelliga-

170 1621 231 1671 ¹¹¹¹¹2
250 1607 393 1678 Prwrtlm
410 1625 471 1659 cum
487 1611 584 1677 pinnis,
608 1607 641 1660 ad
662 1607 736 1680 quod
753 1610 924 1665 referendum
942 1617 1076 1671 r'rrcnbobat.
1100 1623 1185 1678 Nocet,
1205 1629 1234 1680 ὴ,

171 1685 246 1740 mss,
260 1688 346 1750 8026,
359 1684 446 1752 8035,
458 1688 544 1753 8261,
556 1689 640 1752 8262,
653 1705 757 1742 necnon
768 1689 797 1740 in
810 1691 888 1743 Fero.
902 1693 1001 1748 iscard.
1012 1697 1100 1768 AEgid.
1112 1702 1232 1760 Gronov.

171 1777 199 1817 et
209 1765 409 1819 recentioribus.

214 1845 279 1916 ⁵7²·
300 1845 383 1897 Timor
395 1849 452 1914 ipse.
468 1844 553 1897 Parit.
569 1846 641 1899 803²
661 1849 731 1898 ‘imm'
741 1847 789 1898 ‘'H‘-

214 1923 279 1996 576,
302 1923 370 1977 Urbi.
386 1923 493 1976 Praestat
503 1924 560 1977 berc
571 1924 650 1978 lectio
663 1925 702 1977 illi
716 1926 807 1990 alteri,
825 1928 907 1991 urbis,
923 1948 983 2000 quse
997 1935 1025 1985 in
1041 1935 1118 1992 Fero.
1132 1943 1231 1998 [sarid

172 2002 260 2074 AEgid.
274 2004 379 2055 Ascens.
391 2003 486 2056 Arent.
503 2015 529 2054 et
546 2003 574 2055 in
588 2001 769 2083 duodeviginti
789 2007 881 2060 Parias.
899 2012 1038 2078 reperitur.
1064 2019 1144 2072 Deest
1160 2035 1233 2078 totus

170 2101 262 2136 veram
277 2083 305 2134 in
319 2081 414 2135 Philol.
426 2082 531 2154 Gryph·
547 2094 573 2134 el
583 2083 653 2135 Pell·

213 2163 269 2232 578
282 2162 401 2214 Brittium
416 2161 480 2214 Corn
487 2163 590 2229 sir-iente
597 2174 704 2232 pontum
715 2163 817 2215 Novem
829 2165 921 2220 Pariss.
933 2181 958 2220 et
970 2170 1066 2225 Philet.
1081 2176 1159 2231 Grut.
1171 2180 1232 2236 edd.

171 2241 284 2294 Bmgm
299 2253 374 2312 pomo
385 2243 488 2308 stricare
504 2241 600 2293 Contra.
621 2241 665 2293 Sic
678 2261 784 2312 quoqne
800 2246 919 2316 quinque
938 2249 1067 2306 Cotnmel.
1083 2253 1159 2311 MSS.
1181 2261 1233 2314 Sed

170 2321 259 2374 acrior
274 2332 300 2373 et
314 2319 460 2373 allactatior
473 2320 627 2392 hypallage,
647 2339 726 2391 quam
739 2335 768 2374 ut
781 2325 890 2393 probari
906 2315 1005 2394 possit,
1027 2333 1069 2385 vel
1083 2335 1110 2388 in
1124 2337 1231 2394 Seneca.

173 2400 302 2452 Nonnulli
315 2397 390 2452 MSS.
405 2399 489 2452 nostri
501 2395 601 2469 (6377,
616 2397 705 2467 6395)
714 2413 740 2452 et
753 2401 829 2454 Fero.
842 2405 938 2458 Avant.
951 2408 1029 2462 Vian.
1043 2411 1149 2484 Grypb.
1162 2420 1233 2474 Petr-

171 2480 285 2532 Brutinm
295 2490 394 2550 pannem
404 2481 506 2546 firientc
521 2477 592 2531 Com.
1112 2526 1126 2554 ο
1222 2527 1227 2539 '

215 2559 280 2612 580.
291 2559 360 2610 More
367 2562 475 2627 inportu.
486 2556 659 2628 Undeviginti
670 2559 762 2612 Pariss.
776 2574 802 2613 et
811 2564 935 2615 nonnulli
943 2565 1020 2621 Grut.
1032 2568 1123 2626 Palatt.
1138 2588 1164 2627 et
1170 2576 1232 2631 edd.

172 2639 231 2691 Bas.
242 2638 320 2690 Pont.
335 2655 394 2690 cnm
407 2637 485 2689 Fero.
495 2636 596 2689 lsoard.
605 2636 698 2708 AEgid.
710 2638 809 2692 Philol.
822 2653 847 2692 et
861 2642 929 2694 Petr.
943 2643 976 2698 ad
988 2666 1069 2719 marg.
1079 2651 1157 2707 codd.
1171 2675 1235 2709 mars

172 2723 198 2770 ,ῃ
213 2729 297 2770 rorum.
310 2717 416 2770 Arcens.
430 2719 525 2770 Avant.
535 2717 614 2770 Viso.
630 2717 736 2787 Grypb.
753 2719 822 2771 Petr.
836 2719 913 2773 Febr.
931 2723 1058 2780 Commcl.
1072 2730 1153 2785 Setis.
1171 2753 1232 2789 eum

172 2798 293 2868 quinque
303 2795 431 2849 Commel.
441 2809 468 2848 et
479 2795 559 2848 Paris.
569 2795 654 2863 6395,
667 2815 732 2847 more
743 2801 863 2850 intortam.
877 2801 980 2854 Primus
992 2806 1096 2876 Lipsius
1108 2811 1233 2881 frigidum

173 2877 226 2929 hoe
248 2894 303 2930 esse
319 2874 504 2929 animadvertit
522 2887 548 2927 et
566 2893 598 2927 cx
615 2893 664 2928 suo
685 2874 777 2928 codice
794 2897 858 2928 marc
877 2881 901 2929 in
917 2895 990 2948 portu
1008 2885 1130 2940 substitui
1147 2895 1231 2960 jussit.

175 2955 254 3008 nunc
266 2967 369 3010 mutos
379 2968 418 3008 est
430 2954 539 3025 taphet.
554 2967 580 3006 ct
593 2955 651 3023 ejus
663 2956 818 3008 sententiam
833 2957 998 3013 confirmavit
1011 2963 1139 3022 Cotnmel.
1152 2975 1233 3028 unitis

174 3034 232 3087 blS.
248 3034 418 3098 anctoritate3
432 3033 511 3087 Grut.
523 3049 630 3103 quoqne
642 3033 669 3084 in
681 3053 736 3085 nno
747 3034 865 3088 Palatino
877 3037 978 3092 invenit
990 3046 1015 3093 io
1024 3057 1111 3112 parnt,
1132 3049 1160 3100 in
1172 3053 1223 3105 alio

173 3118 201 3164 ε’,
212 3127 324 3184 porrum,
344 3113 424 3166 tertio
443 3111 468 3164 id
490 3113 579 3182 ipsum
598 3113 668 3164 inter
688 3114 769 3165 lineas
793 3097 951 3170 exhibente:
974 3121 1087 3177 babebat
1107 3128 1186 3182 etiam
1207 3092 1234 3184 iri

170 3205 245 3264 pom
267 3192 489 3263 cantabrigiensis
508 3193 638 3257 Pontani;
663 3191 708 3243 sed
730 3196 911 3265 superpictnm
933 3198 1018 3251 inerat
1044 3202 1087 3254 isti
1112 3210 1232 3263 intortum.

174 3271 327 3325 Gronovius
340 3285 366 3324 et
381 3284 491 3324 recentt.
506 3284 701 3341 assumpserunt
713 3277 738 3322 irs
747 3286 827 3341 por-tu.

218 3351 282 3406 581.
296 3352 373 3420 Quod
383 3370 459 3420 rapas
471 3352 587 3402 lorsam.
598 3351 629 3401 ln
644 3351 778 3404 nonnullis
790 3353 868 3404 MSS.
883 3367 909 3406 et
920 3356 948 3406 in
959 3355 1038 3410 Grut.
1052 3359 1141 3416 Heius.
1155 3366 1234 3423 Fara.

174 3431 259 3503 Τὴν,
279 3430 355 3500 Quod
365 3449 441 3500 rapax
453 3431 544 3482 Auster
556 3433 656 3482 meruit
664 3450 674 3491 ,·
690 3427 723 3481 de
738 3448 791 3500 quo
808 3433 885 3484 Grut.
911 3459 921 3479 ι
936 3433 1022 3488 Vocat
1034 3438 1150 3495 Austrum
1166 3447 1236 3500 cta-

174 3510 256 3581 rybdis
268 3510 421 3562 violentiam
433 3510 504 3562 iliam
517 3507 681 3579 Charybdis,
693 3511 806 3562 maxime
819 3525 970 3582 regnantem
984 3513 1063 3570 flante
1076 3536 1180 3590 austro,
1194 3547 1233 3581 re·

174 3589 314 3660 ,peritque
327 3588 361 3641 ad
374 3588 419 3640 illa
435 3607 495 3659 quse
507 3588 611 3658 scripsit
624 3588 736 3658 ipsemet
748 3609 772 3641 c.
792 3607 824 3660 17
840 3590 872 3642 ad
886 3591 1027 3647 Marcium:
1043 3598 1143 3654 Videbis
1155 3618 1206 3660 eto.
1218 3635 1229 3656 ι

174 3667 221 3721 sed
237 3667 389 3722 Gronovius
400 3669 516 3737 joculare
531 3666 599 3720 dixit
615 3685 670 3719 esse
687 3681 792 3720 anstnnn
807 3669 941 3742 Charybdis
954 3691 1003 3743 pro
1018 3678 1155 3734 uiolentiam
1167 3685 1233 3740 cta-

138 3758 149 3766 .
175 3748 277 3820 sybam·
289 3766 338 3801 nec
351 3747 476 3800 gemm
490 3747 558 3799 hanc
573 3746 727 3816 elegantiam
746 3747 880 3814 decuisse,
900 3749 945 3802 sed
959 3753 1132 3813 fabulatorem
1146 3763 1231 3833 illum,

175 3827 222 3898 qui
237 3828 351 3898 speravit
364 3845 393 3880 se
408 3819 474 3878 mire
487 3826 622 3892 loentum,
640 3845 723 3897 quum
739 3826 805 3880 dixit
822 3831 881 3899 qnid
894 3843 951 3898 aget
967 3845 1033 3884 torto
1049 3840 1135 3892 calorii
1151 3845 1230 3900 tom.

176 3904 304 3959 llestituit
318 3907 401 3978 igitur
413 3907 534 3968 lsarrstnm,
555 3905 625 3977 quod
642 3907 668 3957 in
685 3907 866 3960 vetustissimis
878 3911 1037 3968 membranis
1048 3919 1180 3978 scribitur.
1194 3959 1233 3970 -

175 3987 253 4038 Fero.
270 3983 370 4038 Isoard.
385 3983 472 4055 AEgid.
489 3989 595 4037 Ascens.
611 3985 715 4056 Grypb.
731 3986 866 4038 toleranda
880 3987 994 4042 lectione
1010 3995 1101 4062 bausit,
1116 4007 1233 4067 renonum

176 4065 231 4117 tts.
246 4064 323 4134 6377
332 4065 420 4130 aufert,
435 4076 541 4116 mactet.
558 4065 734 4137 Inpleritque
743 4067 840 4118 nostris
850 4067 925 4120 MSS.
939 4073 1045 4136 ,instem
1059 4079 1103 4130 sed
1118 4082 1144 4132 in
1158 4084 1232 4136 3033

173 4157 201 4195 rt
216 4147 307 4206 8261,
324 4145 438 4195 itcnstnm.

218 4225 283 4276 58⁵.
306 4225 372 4294 Ignis
384 4227 485 4275 oeternis.
503 4225 596 4276 Arent.
613 4193 1008 4295 vian.Gryph.13ar-.Fahric.
1025 4236 1108 4308 llapb.
1124 4251 1150 4291 et
1162 4242 1234 4300 Deis.

228 4335 259 4398 I.
1059 4342 1105 4412 23
