3210 5140
346 521 415 594 ¹7²
534 498 587 566 IN
616 497 902 568 HERCULEM
928 497 1208 569 FURENTEM

382 625 447 680 233.
461 627 625 699 Peremptus:
642 642 713 693 usta,
728 641 779 684 eto.
793 627 924 682 Nonnulli
939 640 1098 699 putaverunt
1108 627 1195 698 predo
1213 625 1247 680 ad
1259 643 1345 699 possm
1358 635 1403 682 tri·

335 706 423 773 smmis
439 706 624 773 referendum,
640 709 713 780 qussi
734 708 868 762 diceretur
886 707 1040 777 Geryonem
1055 707 1163 777 predam
1183 711 1239 777 agi,
1256 709 1340 761 baberi
1355 729 1403 780 pro

338 785 440 856 produ:
452 785 523 840 unde
535 787 592 840 base
603 787 672 840 itote
685 800 724 842 est
736 788 789 842 loci
804 785 959 858 dispositio:
977 787 1085 840 uPsstor
1100 786 1228 839 triformis
1240 786 1326 841 litoris
1335 790 1402 842 Tar·

342 865 427 931 tessii,
445 879 501 919 eota
518 879 558 919 est
575 865 665 937 prseds
684 868 717 920 ab
736 885 828 921 occasu
845 866 950 919 ultimo.
964 891 975 913 ι
996 864 1048 920 Sed
1065 867 1138 918 locus
1158 866 1196 918 sio
1214 865 1326 938 intelligi
1346 887 1401 922 non

340 956 443 1016 potest,
459 958 489 999 ut
503 957 577 998 recte
591 947 694 1000 notavit
707 945 806 1002 Baden.
821 946 850 999 in
866 945 1030 1016 specimine,
1043 945 1094 998 nisi
1107 957 1175 996 octus
1187 957 1224 996 est
1235 963 1285 1016 pro
1299 959 1354 999 acto
1366 961 1402 1000 est

340 1023 514 1078 substituatur
525 1043 533 1077 ε
544 1023 613 1078 adde
624 1024 697 1097 quod
708 1025 816 1098 Geryon
827 1043 882 1078 nou
894 1037 961 1077 sotter
972 1025 1006 1077 sit
1016 1023 1120 1096 praeda,
1130 1025 1230 1096 quippe
1241 1027 1290 1095 qui
1301 1026 1360 1098 ipso
1370 1029 1399 1079 in

338 1102 399 1156 looo
412 1104 446 1157 sb
460 1103 573 1157 Hercule
586 1106 666 1158 luerit
675 1119 810 1176 peremptus
821 1105 1015 1175 :interpretare
1029 1103 1109 1175 igitur
1123 1104 1203 1157 boves
1216 1103 1351 1175 Geryonis
1365 1107 1399 1159 ab

340 1181 469 1256 Hispanis
479 1182 508 1236 in
520 1184 663 1250 umnam,
678 1185 737 1256 ipso
752 1201 894 1256 oppresso,
908 1182 1043 1237 obductas.

381 1263 447 1318 2³8.
461 1264 548 1314 latam
564 1269 650 1326 ruenti,
666 1277 716 1318 etc.
729 1264 853 1336 Plerique
862 1261 937 1316 MSS.
951 1266 1022 1315 etiam
1039 1275 1085 1314 sut
1097 1263 1180 1331 etjam
1195 1282 1202 1312 .-
1215 1274 1279 1316 vett.
1291 1281 1399 1336 quoque

338 1339 414 1394 editt.
425 1342 506 1396 Fero.
520 1355 547 1396 et
563 1341 663 1396 lsosrd.
679 1346 774 1412 etjam.
790 1346 826 1395 At
840 1344 862 1396 si
877 1342 946 1395 bauo
959 1343 1099 1395 lectionem
1113 1342 1281 1412 probaveris,
1298 1343 1399 1414 obnupta

338 1421 413 1491 objice
432 1419 465 1474 sd
485 1420 660 1492 prnoedentie
678 1421 849 1494 relegandum
868 1435 924 1488 est,
940 1420 1014 1493 quod
1033 1421 1102 1473 male
1120 1419 1232 1491 quadret
1250 1439 1312 1474 nam
1332 1423 1398 1489 illis;

337 1500 431 1554 melius
444 1501 514 1554 enirn
529 1500 600 1555 dicas
612 1503 767 1555 «montibus
777 1502 903 1572 utrinque
917 1501 1026 1558 solutis,
1041 1502 1148 1573 abrupit
1162 1501 1273 1571 objioem
1281 1527 1307 1559 ι.
1318 1521 1398 1573 quam

340 1604 352 1628 ι
364 1591 466 1632 montes
483 1580 610 1651 utrinque
631 1581 727 1643 solvit,
743 1581 858 1651 abrupto
876 1580 1003 1650 objice-5
1018 1580 1108 1632 nullus
1126 1579 1197 1631 enim
1216 1579 1284 1634 obex
1302 1595 1398 1653 praeter

336 1671 449 1712 montes.
458 1660 552 1730 ltaque
563 1659 766 1714 auscultandum
777 1677 913 1713 censemus
921 1659 1012 1730 Lipsio
1023 1671 1050 1710 et
1061 1659 1211 1723 Gronovio,
1223 1661 1310 1731 quiex
1321 1661 1396 1714 MSS.

336 1737 392 1792 suis
406 1739 480 1790 taram
493 1738 593 1809 legunt.

380 1825 444 1882 ²4²·
461 1817 518 1870 Il'on
536 1823 600 1888 igne.
616 1819 745 1873 Nonnulli
764 1818 857 1885 MSS„
873 1819 901 1872 in
918 1819 1016 1890 quibus
1032 1819 1153 1888 illogunt.
1170 1819 1241 1871 Delr.
1260 1829 1287 1870 et
1303 1819 1395 1873 Pariss.

339 1898 428 1958 8026,
445 1896 519 1951 8035
530 1936 539 1961 ,
552 1899 640 1962 8055,
655 1903 896 1969 8261,numi3ne,·
910 1898 1007 1951 melius
1020 1898 1113 1962 8036,
1127 1917 1203 1950 nonne
1214 1901 1278 1966 igne.

379 1975 444 2039 ²43.
462 1976 588 2030 Obductis.
604 1978 735 2031 Emendat
750 1979 809 2031 Nic.
822 1977 947 2031 Heinsius
959 1977 1102 2038 obductum
1117 1977 1247 2047 quorsus?

378 2057 442 2119 248.
449 2055 553 2112 stabuli.
560 2057 685 2120 Rotheus,
696 2070 726 2110 ut
732 2056 846 2110 duorum
855 2057 1031 2128 genitivorum
1041 2055 1396 2120 coneursumemeudet,sta·

337 2133 407 2199 butu,
419 2134 448 2186 in
461 2147 564 2188 textum
575 2135 689 2189 intrudit
701 2135 764 2190 :sed
774 2138 833 2207 quis
842 2137 985 2190 ierathsnc
993 2135 1170 2199 locutionem,
1183 2136 1297 2208 «Turpis
1307 2137 1396 2208 Augits

335 2212 411 2266 labor
426 2231 482 2266 nou
496 2233 589 2270 manus
603 2215 725 2270 Herculis
736 2215 845 2268 stabulis
858 2217 960 2287 fugavit
973 2215 1007 2266 .t
1022 2247 1059 2258 -
1071 2216 1171 2284 Augioe.
1186 2215 1309 2286 Plerique
1320 2215 1395 2270 MSS.

334 2293 428 2363 Augei,
448 2292 520 2350 uude
539 2292 661 2348 dubitare
679 2295 758 2367 eoepit
773 2296 939 2359 Gronovius,
957 2313 1050 2348 annon
1067 2294 1201 2366 scripserit
1220 2307 1312 2348 saetor
1330 2296 1394 2348 Elei.

334 2371 475 2438 Nonnulli,
489 2386 519 2426 ut
529 2375 714 2446 manuscriptis
728 2373 905 2428 satisfacerent
920 2386 947 2427 et
962 2373 1042 2426 simul
1057 2371 1193 2445 duplioem
1205 2374 1322 2446 genitivo
1335 2393 1396 2428 cusu

334 2451 527 2508 substantivum
545 2453 685 2518 tollerent,
700 2455 782 2524 Augei
799 2473 849 2525 pro
865 2453 994 2525 adjectivo
1009 2451 1191 2524 accipiendum
1207 2454 1308 2525 opinati
1326 2467 1394 2508 suut.

335 2530 432 2584 Bedeu.
450 2543 555 2597 eontra,
569 2551 618 2602 pro
632 2533 797 2586 substantivo
812 2534 904 2586 haberi
917 2533 1026 2598 maluit;
1042 2529 1306 2603 «frequentissimum
1324 2535 1393 2586 enim

335 2629 390 2664 esse
397 2609 515 2664 duorum
524 2613 703 2681 genitivorum
714 2631 871 2665 oonoursum
879 2652 887 2678 ,
896 2627 939 2678 ut,
951 2611 1127 2683 presteralios,
1138 2611 1276 2665 ostendere
1290 2613 1394 2666 Perizo-

334 2691 396 2744 nius
407 2689 441 2744 sd
452 2691 539 2744 Senot.
551 2692 594 2756 ΙΙ,
609 2690 641 2756 3,
659 2691 709 2758 15,
723 2703 749 2744 et
763 2693 933 2744 Burmannus
945 2690 980 2744 sd
992 2693 1091 2744 Lucan.
1106 2691 1161 2756 IX,
1180 2691 1212 2744 18
1224 2718 1248 2745 ι.
1262 2691 1318 2744 Nos
1331 2711 1394 2745 vero

334 2771 419 2838 Augei
431 2789 481 2823 neo
495 2788 546 2841 pro
561 2769 692 2842 adjectivo
704 2791 753 2825 nec
767 2790 818 2842 pro
833 2771 1000 2825 substantivo
1013 2771 1133 2842 usurpari
1152 2788 1228 2841 posse
1241 2789 1393 2825 oensemus:

333 2849 406 2902 nulls
419 2863 459 2904 est
473 2850 554 2918 hujus
567 2852 688 2904 vocabuli
702 2851 729 2904 in
747 2851 860 2904 Foreell.
875 2852 949 2905 lerib.
965 2850 1084 2914 mentio,
1094 2867 1144 2902 neo
1159 2851 1259 2921 petitur
1274 2863 1338 2905 nota
1352 2852 1394 2904 lex

333 2927 505 2982 derivationis
517 2929 594 2984 sliam
609 2949 702 2984 vocem
719 2933 752 2984 ab
767 2931 875 3002 Αὐγείας
892 2929 1005 2994 deduci,
1018 2947 1098 3001 quam
1114 2931 1211 2998 Augias
1227 2942 1272 2982 sut
1284 2930 1391 3001 Augeae.

332 3007 426 3080 Itaque
437 3011 528 3078 Augias
539 3027 657 3082 repono,
671 3008 742 3081 quod
755 3010 881 3064 exhibent
894 3007 995 3063 Isonrd
1007 3011 1102 3062 Arent.
1115 3008 1195 3061 Vim.
1206 3009 1311 3082 Gryplr.
1322 3011 1391 3064 Petr.

333 3087 436 3142 Febris.
449 3089 559 3160 Raphel.
572 3089 650 3144 Grut.
665 3089 755 3144 Heius.
771 3089 857 3144 Seriv.
870 3090 947 3142 ram.
961 3088 1045 3158 Tbys.
1059 3089 1177 3142 Gronov.
1192 3088 1299 3160 bipont.
1315 3090 1392 3144 both.

333 3165 424 3232 editt,
438 3181 464 3220 et
478 3167 534 3221 MS.
548 3168 630 3222 Paris.
643 3170 726 3224 806².

375 3246 440 3303 256.
453 3249 584 3320 Ipsumque.
596 3248 695 3324 lsoard
709 3252 769 3303 Aac.
786 3250 882 3303 Avant.
897 3253 1034 3322 ipsumque,
1050 3247 1124 3320 quod
1137 3265 1216 3302 sensu
1230 3267 1286 3302 non
1298 3261 1391 3302 careat.

375 3325 439 3394 ²⁵9·
456 3327 532 3396 Quem
545 3329 569 3382 d.
584 3334 683 3382 tremis?
697 3329 798 3383 Omnes
809 3329 886 3383 editt.
899 3343 961 3382 ente
970 3329 1150 3393 Gronovium,
1164 3330 1263 3380 tremit?
1274 3328 1391 3382 Florem.

333 3416 360 3457 et
376 3399 460 3459 Paris.
479 3406 570 3478 6395,
589 3407 787 3481 trembrquod,
803 3423 833 3462 ut
847 3409 932 3464 scrius
946 3421 973 3462 et
988 3408 1149 3480 elegantius,
1163 3405 1390 3478 anteponendum.

373 3487 436 3540 soe.
453 3485 588 3560 civitasque
601 3489 753 3558 Amphionis.
766 3489 841 3542 Mss,
855 3507 947 3541 omnes
960 3501 986 3542 et
999 3499 1063 3542 vett.
1077 3486 1151 3540 edin.
1163 3487 1266 3540 Febris.
1279 3487 1389 3557 Raphel.

332 3564 403 3617 Delr.
416 3565 495 3618 Grut.
511 3560 617 3630 Heius,
626 3580 697 3640 atque
710 3569 843 3638 Ophionitu
854 3571 913 3620 cinis
917 3587 927 3630 ;
938 3567 1017 3620 Fern.
1029 3579 1056 3618 et
1063 3565 1165 3620 lsoard.
1175 3579 1246 3639 atque
1259 3565 1393 3637 Oplrionius

331 3647 388 3696 ciuis
394 3664 405 3705 ,·
416 3644 510 3700 Arent.
521 3647 591 3700 Petr.
602 3647 707 3718 Grypb.
718 3647 875 3704 Commelin.
886 3651 942 3699 civr's
950 3657 1021 3719 atque
1031 3647 1251 3717 opinionumque
1261 3645 1393 3699 universas

331 3721 458 3780 lectiones
469 3743 518 3784 uso
527 3723 562 3780 ad
574 3745 680 3782 murum
693 3725 786 3784 valido
796 3745 845 3781 neo
854 3725 888 3780 sd
899 3725 1075 3796 iutegritatem
1088 3725 1165 3778 metri
1179 3737 1247 3795 spus
1255 3722 1391 3778 videntur.

331 3801 458 3856 Heinsius
465 3807 593 3878 civitasque
601 3806 744 3878 Amphionis
752 3807 781 3860 in
790 3807 860 3860 notis
869 3805 922 3859 suis
931 3805 1086 3878 proposuit,
1098 3803 1172 3876 quod
1178 3803 1261 3858 Soriv.
1270 3804 1391 3858 Gronov.

330 3881 438 3952 Bipont.
454 3881 517 3936 Bad.
535 3895 562 3936 et
576 3885 655 3938 Both.
669 3886 849 3958 arripuerunt.
863 3885 939 3938 Hauc
953 3882 1165 3938 emendationem
1181 3901 1271 3936 veram
1286 3895 1313 3937 et
1328 3884 1392 3954 legi·

330 3960 422 4016 noram
441 3978 497 4015 esse
514 3963 552 4016 sic
571 3965 700 4036 approbat
718 3965 856 4021 Botheus:
876 3964 988 4018 ·Nescio
1006 3965 1035 4016 iu
1055 3963 1153 4034 quibus
1172 3962 1230 4015 aliis
1249 3961 1331 4016 oodd.
1350 3964 1392 4015 vel

330 4040 434 4112 scriptis
448 4041 490 4094 vel
503 4041 636 4114 impressis
649 4048 705 4098 civis
720 4057 791 4118 atque
804 4045 946 4114 Anplionis
958 4043 1010 4114 legi
1024 4041 1094 4096 dieat
1109 4043 1176 4096 Dan.
1186 4041 1331 4108 .Heinsius;
1344 4041 1391 4095 sed

327 4119 363 4172 its
380 4132 451 4174 oerte
464 4119 546 4176 editio
561 4124 725 4180 Assensiana.
739 4124 870 4178 Gruterus
882 4123 950 4176 inira
963 4121 997 4176 sd
1010 4141 1036 4175 v.
1051 4125 1108 4185 664
1122 4139 1129 4174 :
1147 4121 1271 4184 alvorum,
1286 4121 1390 4192 inquit,

328 4219 398 4276 quem
409 4199 546 4270 stittfigum
557 4203 643 4258 similas
656 4204 732 4256 litera
745 4216 812 4258 sett
823 4207 902 4276 stipue
913 4206 1029 4272 scriptum
1041 4202 1234 4274 Langobardios.
1247 4201 1298 4253 Vel
1310 4200 1392 4270 igitur
