3172 5138
376 533 445 629 390
671 539 710 604 n.
738 539 909 608 nuum
933 539 1147 608 sennem

420 658 555 730 Libavit
572 661 709 749 haustu,
728 661 848 755 vixque
865 662 1037 757 cupientes
1053 663 1145 756 sequi

422 770 546 840 Eduxit
560 770 682 842 oculos.
698 775 810 841 Haeret
827 773 926 840 etiam
943 796 1033 840 nunc
1048 771 1131 839 mihi

420 878 482 949 Ille
499 881 647 968 unimus,
664 881 783 964 heret,
803 905 907 975 quum
928 896 1135 950 recusantem
1154 905 1291 952 manum

335 1075 339 1086 ι
419 991 573 1060 Pressere
591 989 710 1060 vultus.
737 991 862 1062 Audies
883 1015 1018 1077 verum,
1037 991 1194 1086 OEdipe:

419 1101 535 1170 Minus
555 1101 670 1170 eruisti
690 1100 816 1170 lumina
836 1101 995 1170 audacter
1012 1115 1088 1186 tua,

420 1211 532 1300 Quam
553 1211 743 1305 praestitisti.
759 1214 860 1283 Nunc
876 1235 1015 1280 manum
1032 1211 1169 1280 cerebro
1187 1210 1300 1282 indue.
1401 1251 1409 1276 .

420 1325 494 1392 Hac
511 1335 606 1417 parte
623 1337 763 1391 mortem
779 1313 915 1444 perage,
941 1345 1007 1416 qua
1025 1321 1126 1416 coepit
1143 1321 1241 1392 mori.

420 1455 497 1502 nur.
518 1434 647 1514 Pauca,
669 1457 690 1500 ο
704 1457 823 1526 parens
838 1432 1068 1526 magnanime,
1082 1430 1278 1500 miserandae
1293 1457 1413 1527 precor

402 1545 466 1612 ·Ut
483 1541 583 1611 verba
602 1555 688 1610 natae
705 1555 818 1610 mente
834 1541 962 1635 placata
979 1542 1104 1612 audias.

415 1655 495 1723 Nou
515 1665 548 1720 te
565 1665 603 1720 ut
623 1651 778 1720 reducam
798 1653 916 1720 veteris
937 1651 978 1720 ad
997 1653 1164 1746 specimen
1182 1651 1322 1736 domus,

418 1761 644 1856 Habitumque
663 1761 756 1856 regui
774 1761 857 1830 flore
878 1760 1058 1856 pollentem
1082 1759 1216 1848 inclite,
1396 1783 1432 1821 ¹⁸⁵

369 1927 420 1963 nne
429 1927 477 1962 ena
491 1927 587 1982 parum
596 1908 729 1980 sanguinis
743 1925 794 1980 pre
804 1909 879 1980 ignu-
922 1931 1007 1990 eaput.
1015 1944 1067 1962 »-
1078 1923 1131 1971 Cer.
1143 1917 1430 1994 indere.1njice,inflge.

370 1989 413 2045 tit
426 1987 535 2042 fuderit·
960 1999 1019 2052 181.
1039 2003 1092 2050 Hae
1107 2013 1198 2066 parte,
1214 2011 1263 2051 etc.
1283 2001 1342 2052 Iam
1361 2019 1430 2054 more

408 2069 467 2138 175.
490 2072 596 2136 Vt'ane.
618 2066 795 2122 Resereudum
812 2065 888 2130 viss
921 2093 1032 2129 vacuum
1045 2077 1176 2130 luminum
1188 2077 1278 2130 eedem
1289 2097 1430 2150 occupasse

368 2165 423 2199 non
434 2146 467 2198 ad
479 2149 611 2216 cupientes,
624 2145 669 2199 ted
678 2145 711 2199 td
723 2149 813 2199 edet-eit.
825 2147 878 2199 Vix
921 2153 1014 2208 videri*
1023 2167 1125 2226 potent:
1140 2173 1197 2208 eam
1215 2157 1292 2210 altius
1307 2171 1334 2210 et
1349 2178 1430 2231 usque

367 2224 460 2278 eduxit
468 2225 561 2278 oculos
568 2243 738 2299 ,quanquam
749 2225 798 2297 lpti
808 2225 878 2278 ultro
921 2233 949 2285 in
972 2235 1108 2288 cerebrum
1132 2235 1262 2302 immitte;
1288 2255 1339 2308 qua
1360 2256 1430 2290 mon

369 2321 479 2356 manum
501 2304 718 2376 insequebantur.
743 2303 788 2358 Sic
812 2303 876 2358 Stat.
921 2313 1011 2384 carpit,
1025 2331 1096 2367 more
1107 2327 1302 2388 peragemu-
1316 2323 1428 2384 Quaere·

368 2382 455 2435 Theb.
470 2383 498 2447 1,
515 2401 546 2453 7¹
566 2401 573 2434 r
591 2407 604 2428 ι
614 2383 676 2436 Mox
689 2381 784 2436 avidus
796 2401 878 2455 poenae
915 2394 1035 2460 pltrnon'.
1048 2391 1089 2444 Ad
1101 2394 1171 2445 hunc
1183 2393 1272 2446 locum
1283 2393 1427 2448 Badenine:

367 2458 454 2532 digitis
470 2460 624 2514 cedentibus
641 2461 711 2515 ultro
730 2463 854 2515 Incubui.
865 2487 878 2509 ·
920 2495 934 2516 ι
946 2475 1023 2538 capit
1040 2471 1253 2544 impersonaliter
1272 2473 1372 2527 dictum
1385 2493 1426 2527 ac·

367 2570 402 2580 -
422 2543 545 2609 Cupientes
560 2543 636 2609 sequi.
653 2541 815 2593 Sententiam
829 2560 877 2594 ex·
921 2549 995 2622 cipe,
1018 2569 1066 2622 pro
1086 2567 1187 2621 emptum
1206 2569 1257 2620 est,
1279 2565 1308 2606 nt
1331 2554 1357 2606 in
1378 2553 1427 2607 boc

366 2618 468 2690 plicant
480 2620 613 2691 sequeutia
629 2618 749 2691 OEdipi,
764 2638 791 2672 v.
806 2621 857 2689 959
869 2639 876 2672 ε
920 2629 951 2682 C,
964 2629 1072 2702 Nepoti.
1084 2629 1206 2702 Epamin,
1218 2649 1249 2684 tu
1258 2651 1265 2685 t
1274 2637 1357 2694 Mem,
1367 2647 1427 2701 Μ.

369 2700 523 2773 «Oculique
538 2701 583 2755 vix
601 2718 629 2754 ee
643 2699 748 2753 nedibus
763 2701 877 2753 retinent
920 2727 992 2774 quam
1012 2713 1081 2777 apud
1099 2713 1230 2764 mamam
1243 2717 1357 2781 pugnari
1375 2733 1426 2764 aa

273 2781 274 2786 ’
368 2779 455 2846 euim
474 2791 500 2834 et
518 2798 544 2832 v.
565 2781 636 2850 962:
656 2791 772 2832 «contra
788 2793 876 2836 trucet
919 2791 1109 2840 tacedoemoniis
1127 2793 1247 2860 eoepit,1'n
1261 2793 1424 2857 primissreu.

366 2859 446 2912 Oculi
470 2872 617 2923 steterunt,
638 2871 664 2913 et
685 2877 759 2912 enam
783 2859 877 2913 intenti
919 2865 1008 2920 Potest
1019 2887 1126 2941 quoque
1135 2869 1217 2941 accipi
1227 2873 1290 2920 mori
1297 2889 1345 2941 pro
1353 2889 1423 2928 mers,

304 2940 307 2946 '
366 2957 474 2992 utanum
484 2939 561 2992 Ultro
571 2939 761 3010 insequuntur3
772 2939 876 2992 vulneri
918 2955 948 2996 ut
961 2963 1030 3018 repe
1042 2947 1069 2999 in
1085 2947 1183 3001 Latinis
1197 2959 1279 3001 auctt.
1292 2948 1334 3002 sic
1346 2949 1424 3002 Plent.

366 3031 509 3071 occurrunt
519 3037 575 3072 suo.
587 3043 598 3065 ι
919 3022 945 3075 in
961 3025 1068 3078 Curcul.
1083 3037 1137 3079 act.
1151 3025 1179 3088 1,
1194 3044 1267 3079 eceu.
1287 3045 1310 3090 r,
1324 3046 1361 3081 ve.
1375 3029 1425 3082 aa:

351 3097 352 3102 ’
405 3098 463 3166 178.
484 3104 610 3164 Pressm,
629 3109 678 3151 etc.
697 3097 790 3170 Neque
804 3099 873 3152 enim
918 3105 982 3178 ΙιιῙῑει
994 3116 1068 3157 tuum
1081 3105 1200 3157 conlerto
1213 3123 1304 3158 amare
1315 3125 1425 3180 semper,

301 3181 311 3204 ¹
366 3175 588 3242 dextreori,red
601 3196 630 3231 oe
643 3177 741 3231 dextrae
752 3197 874 3233 occurre·
918 3181 1111 3254 tieepie‚etc.·
1124 3189 1199 3234 Tuum
1208 3203 1296 3235 amare
1304 3201 1425 3256 protum

363 3255 418 3310 bet.
434 3255 534 3310 Lucan.
549 3256 601 3320 IV,
613 3255 662 3310 561
677 3275 684 3309 :
699 3277 874 3330 upercneeum
918 3280 1041 3323 morem,
1055 3273 1104 3314 etc.
1116 3273 1165 3315 etc.

364 3345 403 3387 eet
411 3347 518 3406 pectore
529 3334 629 3388 sermm
638 3373 645 3399 ,
653 3335 686 3387 Et
694 3335 792 3408 jugulis
803 3355 875 3408 pree·
955 3341 1013 3404 184.
1033 3344 1125 3392 Veteris
1139 3343 1176 3393 acl
1187 3342 1308 3409 specimen
1326 3345 1424 3407 ᾰοηιω,

364 3432 420 3467 eere
432 3431 548 3466 menum.
558 3437 570 3460 ι
582 3445 617 3455 -
627 3417 819 3468 Audiesvemm.
831 3415 874 3469 Ad
916 3428 965 3472 etc·
978 3419 1039 3472 Non
1053 3437 1133 3491 tngo,
1152 3431 1182 3471 nt
1194 3417 1227 3472 ed
1241 3437 1353 3473 avorum
1367 3433 1425 3475 tuo·

363 3511 392 3544 se
407 3492 494 3570 ipsum
518 3493 655 3568 loquitur:
677 3493 802 3546 «Verum
823 3495 872 3548 tibi
915 3515 974 3548 rum
983 3498 1158 3572 specimemid
1167 3499 1424 3565 eet‚eimilitudinem

362 3569 872 3629 dicam.Animosiutocullreeeeruendi
914 3573 1110 3649 imaginemque
1134 3576 1236 3632 reden.
1256 3603 1268 3626 ι
1282 3579 1364 3632 Aliud
1388 3595 1425 3634 eet

360 3653 548 3723 prebuerunt,
563 3674 644 3727 quam
663 3653 751 3708 dextra
765 3673 872 3710 munere
914 3657 987 3728 quod
997 3655 1061 3710 dixit
1068 3675 1145 3730 supra
1154 3695 1162 3721 ,
1172 3657 1258 3729 inquit
1268 3659 1341 3712 Flor.
1350 3661 1425 3714 chri·

362 3749 411 3786 eno
420 3732 509 3785 functa
519 3746 566 3788 eet.
576 3761 588 3781 n
914 3735 990 3790 etiarn.
1003 3739 1121 3807 specimen
1134 3741 1253 3806 egregium
1265 3741 1373 3790 domus.-
1384 3739 1424 3792 hic

399 3813 455 3863 180.
470 3816 610 3865 Proesu'u'str'.
622 3813 765 3867 Prubnitti.
779 3815 870 3868 Senec'.
913 3815 1083 3870 videturesse
1093 3821 1122 3872 τὸ
1138 3813 1234 3879 eidee.»

360 3891 434 3962 epiet.
455 3898 489 3955 4:
517 3895 544 3942 G.
566 3897 650 3945 (ἔωσαν
658 3895 733 3962 jussit
754 3897 870 3962 Lepidum
951 3895 1009 3950 185.
1029 3900 1192 3964 Hebe'utmque
1209 3899 1289 3964 regni.
1310 3895 1422 3962 Qualem

359 3975 454 4022 Dextra
461 3973 556 4021 vilano
563 3975 671 4037 praebere
679 3974 791 4024 cervicem
800 3993 809 4023 .·
819 3975 870 4040 ipse
912 3993 1022 4046 regnum
1034 3975 1111 4029 decet
1119 3995 1183 4028 esee.
1196 3967 1231 4016 ἷ-
1240 3979 1318 4027 Flore.
1330 3977 1423 4048 Splen-

359 4052 589 4116 Ctoereoeproestitr't.
598 4049 765 4124 Lue.V‚770
776 4071 783 4104 ε
794 4064 868 4106 utan-
911 4053 975 4108 dore
993 4068 1019 4107 et
1031 4056 1137 4128 opibus.
1157 4055 1211 4108 Cic.
1226 4053 1260 4107 de
1273 4067 1330 4110 nat.
1351 4054 1421 4108 deor.

357 4141 444 4200 teque
463 4127 547 4180 ruiute
572 4129 713 4182 Absentem
743 4143 866 4202 praestare
911 4133 1321 4204 111,33,tn2·12souraectoeflqre.
