3070 5158
425 521 854 614 surrnnmnnruu.

214 666 278 733 Per
293 659 357 730 tela
371 675 405 730 et
419 661 547 758 gladios
568 662 668 734 volas.

213 773 292 842 Nou
310 769 419 866 legum
438 775 641 861 reverentia,

214 883 284 950 Aut
302 895 411 950 castus
428 880 557 976 pudor,
579 898 637 951 aut
655 882 754 970 fides,

212 991 291 1060 Non
307 989 417 1060 flentis
436 992 551 1086 patriae
569 991 682 1079 labor,

213 1104 258 1171 Et
277 1100 439 1172 fumantia
459 1103 609 1190 moenia,

212 1213 456 1307 Tectorumque
474 1212 664 1283 cadentium

213 1319 336 1389 Feralis
354 1321 470 1416 fragor
486 1323 589 1416 impio

214 1429 336 1502 Ardori
356 1431 513 1525 injiciunt
529 1457 650 1503 moras.

212 1543 350 1610 Pa-trum
367 1540 456 1611 caede
472 1542 609 1612 madens
626 1567 763 1628 manus,

212 1654 361 1721 Matrum
379 1652 504 1722 incesta
520 1651 665 1740 cubilia,
768 1653 772 1660 ’

213 1761 368 1830 Fratrum
386 1761 526 1831 immitia
543 1760 655 1858 praelia

213 1874 321 1942 Lusus
340 1885 374 1940 et
388 1872 464 1966 joca
482 1887 561 1942 sunt
580 1871 650 1941 tibi.

453 2125 930 2160 οφ.

332 2283 1030 2402 cnonusrnnrrricTus‘”

167 2527 304 2594 Frustra
323 2547 482 2619 properos
500 2523 622 2594 furiata
640 2547 752 2595 moves

171 2636 211 2702 ln
229 2647 335 2704 castra
355 2633 495 2728 gradus,
513 2633 635 2703 frustra
653 2632 781 2702 medios

165 2742 357 2812 Miseranda
375 2767 494 2838 parens
512 2743 623 2837 pergis
641 2743 798 2811 inenses.

167 2851 286 2924 Nullas
304 2853 398 2945 regni
415 2875 500 2921 caeca
517 2849 622 2919 libido

165 2963 283 3031 Cernit
297 2959 473 3046 lacrimas,
487 2984 557 3029 non
575 2973 743 3028 maternos

165 3072 323 3142 Cinctum
344 3068 468 3166 triplici
488 3083 603 3166 pectus
621 3069 728 3137 aheno
805 3107 808 3114 ⁴

167 3182 263 3250 Patet
282 3182 317 3250 in
339 3181 507 3276 gemitus:
527 3179 645 3250 surdas
661 3177 793 3273 pulchri
837 3235 840 3241 ,

167 3292 298 3362 Nomen
312 3291 442 3360 honesti
460 3289 616 3360 verberat
632 3313 738 3359 aures.

169 3400 321 3472 Nimium
338 3398 428 3470 dulci
447 3400 553 3470 tincta
570 3423 699 3469 veneno

166 3511 291 3606 Figunt
308 3508 420 3580 avidas
439 3508 503 3580 tela
521 3507 705 3579 medullas:

166 3619 317 3692 Nimium
334 3616 473 3689 blandus
491 3619 639 3689 accincta
656 3619 744 3688 laces

166 3727 278 3800 Corde
293 3728 355 3798 suh
372 3729 441 3798 imo
464 3725 573 3823 gliscit
587 3729 743 3822 Erynnis.

167 3841 265 3908 Stant
281 3840 315 3907 in
333 3863 494 3934 magnum
512 3853 684 3909 contracta
702 3838 809 3927 nefas,

166 3949 399 4043 Quatiuntque
416 3963 550 4044 putrem
567 3949 629 4019 sub
648 3948 731 4044 pede
749 3971 921 4042 campum,

168 4060 255 4130 Hine
276 4059 445 4130 indomitis
467 4059 653 4130 truculenta
671 4059 770 4128 minis
