3240 5138
194 461 201 484 ⁸
314 501 594 572 nunecius
619 503 836 585 sununs,
863 505 972 574 scr.
997 505 1070 590 rv„
1150 503 1214 575 ηε

207 639 337 705 Datum
356 633 468 703 moles.
482 633 596 704 Vivis?
613 659 655 704 an
677 633 743 705 leto
760 635 852 706 dedit

207 741 324 826 Idem,
338 755 414 810 tuos
436 742 492 835 qui
513 742 601 810 misit
618 741 660 810 ad
678 756 840 830 mortem,
860 741 976 811 furor?

209 851 318 942 Sopor
337 861 405 930 est;
428 847 615 941 reciprocos
633 849 766 943 spiritus
787 863 897 918 motus
917 850 994 944 agit.
1167 881 1219 919 ns.

207 956 317 1022 Detur
334 953 436 1046 quieti
453 967 602 1048 tempus,
620 968 659 1023 ut
676 979 792 1023 somno
809 955 901 1049 gravi

207 1061 269 1128 Vis
291 1061 377 1128 victa
399 1059 507 1128 morbi
530 1074 645 1154 pectus
666 1085 861 1156 oppressum
883 1060 977 1129 levet.

209 1166 414 1252 Removete‚
435 1163 569 1254 famuli,
584 1165 666 1254 tela,
681 1189 724 1236 ne
740 1181 868 1261 repetat
885 1167 1006 1236 furens.

281 1377 555 1470 CHORUS
601 1379 1092 1472 THEBANORUM.

314 1600 463 1668 Lucnsr
480 1599 597 1686 aether,
615 1621 819 1692 magnusque
837 1623 956 1692 parens

315 1704 459 1774 AEtheris
480 1702 556 1791 alti,
571 1701 731 1798 tellusque
749 1703 858 1792 ferax,

314 1813 359 1878 Et
375 1833 458 1902 vaga
475 1811 569 1905 ponti
588 1809 717 1879 mobilis
733 1808 831 1878 unda.

314 1917 431 2010 Tuque
453 1932 529 1986 ante
548 1941 680 2005 omnes,
695 1917 752 2010 qui
768 1940 826 2010 per
842 1929 963 2004 terras,

313 2024 518 2117 Tractusque
535 2024 635 2092 maris
650 2021 759 2091 lundis
775 2021 898 2109 radios,

315 2130 522 2223 Noctemque
539 2129 634 2224 fugas
650 2153 707 2198 ore
722 2127 861 2214 decoro,

313 2234 451 2304 Fervide
468 2238 566 2305 Titan
586 2261 593 2302 :
617 2235 726 2304 obitus
746 2235 869 2329 pariter

295 2343 437 2411 -Tecum
458 2340 588 2411 Alcides
610 2341 691 2410 vidit
711 2355 745 2410 et
764 2355 877 2428 ortus,

313 2449 481 2542 Novitque
499 2464 572 2518 tuas
590 2462 745 2542 utrasque
765 2447 892 2516 domos.

198 2657 280 2712 1050.
304 2655 383 2728 Sopor
405 2671 461 2721 est,·
489 2669 539 2711 ete.
566 2656 664 2710 Vivere
752 2655 939 2719 1054AEtlrer.
949 2655 1084 2728 Scripsere
1093 2660 1216 2713 nonnulli

155 2737 298 2792 Herculem
311 2738 446 2808 cognoscit
461 2755 492 2789 ex
505 2736 592 2789 anime
605 2755 664 2808 gra·
708 2733 762 2788 dici
782 2739 870 2786 cethem
889 2754 939 2806 pro
955 2735 1037 2802 Jove,
1053 2750 1079 2790 et
1092 2752 1215 2810 parentem

155 2819 223 2872 riter
248 2829 416 2888 erumpente.
437 2817 514 2870 Conl.
540 2814 663 2887 Euripid.
708 2815 863 2886 utiterr'spro
871 2814 1091 2883 Saturn02l'also;
1104 2837 1214 2889 quorsus

160 2898 481 2968 1059.—Reciproeos...
495 2908 580 2950 moltis.
594 2897 664 2972 ⁸5⁶¹·
708 2894 779 2946 enim
808 2895 852 2949 hic
877 2909 1039 2948 memoretur
1062 2896 1217 2952 Saturnus?

152 2997 253 3048 procare
260 2977 303 3030 vel
311 2981 454 3046 reciprocari
464 2975 563 3030 fluctus
573 2975 666 3029 dicuu-
709 2975 802 3028 AEtlrer
821 2993 871 3046 pro
887 2976 950 3028 culo
972 2975 1141 3047 accipiendus
1157 2993 1214 3045 est,

156 3070 218 3120 tur,
244 3055 292 3128 qui
315 3057 418 3110 alterno
442 3068 517 3108 motu
536 3067 602 3108 eunt
620 3073 664 3106 re·
707 3054 752 3106 eui
770 3073 833 3107 mox
847 3054 923 3107 tellus
941 3068 968 3108 et
980 3073 1070 3126 equor
1084 3055 1212 3126 adjiciun-

155 3135 303 3206 deumque.
325 3135 383 3189 Cic.
405 3134 440 3188 de
463 3135 557 3188 Natur.
582 3137 663 3190 Deor.
708 3135 814 3200 tur3ita
829 3147 858 3187 ut
871 3153 978 3188 omnem
988 3153 1076 3186 rerum
1092 3148 1213 3190 naturam

155 3215 212 3278 111,
229 3233 281 3267 ro:
298 3215 368 3282 Ouid
380 3215 519 3269 Chalcidico
529 3215 624 3286 Euripo
639 3218 664 3265 in
708 3213 811 3266 Chorus
822 3213 910 3284 lugere
917 3212 1099 3286 jubeat‚quod
1106 3214 1214 3286 quidem

156 3309 221 3347 motu
246 3295 374 3346 identidem
400 3294 567 3365 reciprocando
591 3305 664 3364 potas
709 3293 737 3345 in
752 3294 852 3363 maguis
865 3293 1056 3346 calamitatibus
1072 3295 1157 3348 faeere
1170 3315 1213 3350 so-

149 3373 210 3444 fierr'
224 3395 294 3446 posse
313 3377 483 3427 constantim?
501 3372 581 3439 Quod
604 3373 664 3444 qui-
707 3372 762 3425 lent
791 3370 883 3424 dolore
907 3384 1023 3425 umentes
1052 3385 1079 3426 et
1105 3374 1213 3443 perditi.

156 3453 216 3508 dem
236 3453 270 3508 ad
292 3454 417 3525 spiritum
432 3472 482 3526 per
498 3454 568 3506 vices
584 3465 663 3506 attra-
707 3452 803 3505 Pacur.
817 3452 846 3503 in
862 3451 956 3524 tregru,
971 3451 1065 3523 Chrys.
1079 3452 1213 3526 ·1dquod

156 3547 229 3587 ctum
238 3532 429 3604 redditumque
440 3533 572 3604 aptissime
583 3545 664 3586 trans-
707 3531 792 3584 nostri
801 3531 893 3584 caelum
903 3543 1049 3585 memorant
1057 3571 1065 3597 ,
1074 3533 1149 3586 Graii
1157 3554 1216 3605 per-

155 3613 238 3668 latum
247 3627 294 3668 est.
308 3613 377 3666 Gell.
391 3613 491 3678 XVII,
506 3630 536 3665 rr
550 3630 557 3666 :
573 3613 604 3665 ln
613 3631 664 3664 eam
707 3611 801 3666 hibent
818 3610 923 3665 aethera.
936 3637 946 3658 ι
962 3642 1000 3652 -
1009 3611 1160 3686 Magnusque
1168 3635 1215 3687 pa·

150 3692 276 3762 fistulam,
294 3713 340 3764 per
360 3711 429 3764 quam
449 3696 544 3764 spiritus
561 3697 664 3763 recipro-
709 3709 768 3742 rens.
785 3689 909 3762 Jupiter,
929 3709 1009 3762 quem
1028 3691 1151 3746 athenam
1165 3715 1214 3766 pu-

155 3786 232 3826 tetur.
253 3773 313 3826 Liv.
338 3773 420 3834 xxi,
440 3771 496 3827 58:
518 3773 597 3842 Quum
610 3775 665 3842 jam
710 3783 767 3822 trem
783 3770 898 3824 Martini.
918 3789 1025 3841 quoque
1044 3786 1138 3840 vocat,
1152 3775 1214 3842 lx,

155 3857 263 3923 spiritum
283 3853 416 3904 includeret
433 3863 518 3906 ocutus
525 3894 534 3917 ,
549 3871 591 3904 nec
604 3855 665 3904 reei-
712 3851 748 3904 36
762 3863 788 3903 et
802 3850 848 3919 37.
922 3894 925 3898 .

152 3951 253 4002 precere
266 3935 477 3986 enimamsmeret.
729 3933 834 3998 Ι1060.
858 3929 959 3993 Obicio,
983 3943 1034 3984 ete.
1057 3930 1157 3986 Orbem
1181 3934 1215 3987 ab

199 4012 279 4065 1053.
305 4012 345 4065 Ne
374 4024 466 4082 repetat
483 4013 578 4079 ficum.
604 4010 664 4075 Ne,
710 4009 819 4062 Oriente
831 4006 863 4062 ad
874 4008 1047 4063 Occidentem
1059 4014 1215 4084 peragrarit.

156 4091 297 4145 suscitatus
318 4109 334 4144 e
358 4109 470 4158 somno,
499 4091 551 4146 tela
573 4090 664 4145 luteus
752 4092 836 4142 1062.
857 4089 976 4161 Nocteque
1003 4102 1065 4145 tues.
1088 4093 1131 4144 Ex
1150 4092 1215 4146 Ovi·

157 4189 248 4225 rursus
263 4171 382 4243 arripiat.
709 4165 747 4222 dii
766 4167 877 4222 Heroid.
899 4167 982 4238 XIV,
998 4171 1031 4226 16
1046 4189 1053 4225 :
1070 4171 1216 4244 «Inplesti
