3070 5158
100 562 1166 610 mmmmmmwnlunmmmummmmmm

562 746 723 816 NOVAE
756 733 761 758 ⁷

131 1033 133 1036 Ι
191 927 275 1015 DE
304 929 672 1020 VARIETATE
698 932 1097 1026 LECTIONUM

619 1151 667 1211 IN

228 1447 230 1453 ,
298 1288 926 1476 ῬΗΟΕΝΙΒΒΑΒ

263 1607 1016 1714 ANIMADVERSIONES.

450 1861 842 1897 ——oeo--m-

145 2063 280 2127 Eosdem,
294 2067 337 2120 vel
349 2084 474 2131 excusos,
484 2067 526 2120 rel
537 2059 744 2138 manuscriptos,
757 2067 841 2120 libros
853 2067 888 2121 sd
900 2067 968 2122 hanc
979 2085 1168 2139 recognoscen-

100 2146 167 2200 dsm
180 2144 333 2218 tragediam
344 2144 471 2207 adhibui,
485 2146 582 2218 quibus
595 2147 622 2214 in
636 2145 804 2220 emendando
816 2148 932 2215 Thyeste
947 2165 1008 2200 usus
1020 2167 1078 2200 sum
1093 2145 1103 2212 (
1111 2149 1167 2202 vid.

101 2245 133 2296 p.
151 2217 235 2294 333).
259 2226 431 2278 Accesserant
454 2224 488 2289 Q.
515 2225 636 2296 Septimii
654 2225 784 2278 Florentio
801 2226 944 2280 Christiani
956 2225 990 2279 ad
1004 2227 1168 2282 Thebaidem

101 2316 183 2358 note.
196 2303 363 2375 Tragoedinm
373 2324 428 2358 non
441 2304 569 2376 integram
582 2323 632 2358 nec
643 2304 718 2357 omni
731 2318 805 2377 parte
816 2308 911 2374 justam
923 2306 1059 2378 supplevi,
1075 2305 1167 2361 addito

101 2383 187 2458 choro
199 2397 226 2437 et
237 2385 332 2456 quinto
345 2397 420 2446 ectu,
433 2384 523 2454 quales
535 2383 621 2438 edidit
633 2385 764 2438 Hemicus
776 2385 931 2449 Chifellius,
944 2387 1051 2450 Rome,
1066 2389 1150 2442 1625.

144 2465 284 2516 Plroeaissoe·
298 2464 405 2536 Vulgo,
424 2463 535 2518 Thebais
554 2465 649 2534 Msgna
665 2463 745 2534 hujus
764 2463 897 2536 tragedias
914 2477 990 2536 parte
1007 2465 1167 2536 intercepta,

101 2560 138 2596 ne
158 2561 256 2596 nomen
279 2542 386 2614 quidem
411 2541 446 2596 ed
467 2563 517 2596 nos
540 2543 670 2614 pervenit.
696 2568 707 2590 ι
723 2543 819 2598 Nescio
844 2543 917 2615 quis,
943 2545 979 2596 sit
999 2543 1166 2610 Gronovius,

100 2623 232 2693 poematis
247 2623 342 2688 laceri,
360 2623 443 2678 irretar
457 2623 606 2695 Deiphobi,
622 2623 697 2676 nullo
715 2623 810 2687 titulo,
824 2624 962 2682 misertus,
981 2641 1063 2693 quum
1079 2623 1167 2677 OEdi-

102 2719 170 2772 pnm
185 2714 212 2755 et
228 2721 278 2774 par
297 2703 456 2755 Thebanum
473 2704 501 2756 in
521 2721 553 2755 eo
573 2715 735 2770 agnosceret,
754 2702 787 2755 de
801 2701 832 2755 P.
849 2702 954 2772 Papinii
973 2701 1050 2754 Statii
1068 2721 1166 2772 opere,

106 2781 132 2833 T
129 2781 427 2853 hebaidemproscripsit.
444 2782 532 2847 Quem
545 2799 661 2834 errorem
674 2794 747 2834 vetus
760 2793 862 2846 auctor,
878 2782 923 2852 qui
937 2793 1026 2833 tamen
1040 2781 1166 2836 hactenus

100 2860 170 2914 nihil
183 2873 315 2932 peccarat,
328 2879 421 2932 magna
434 2859 555 2914 mercede
568 2859 690 2931 expiavit.
705 2861 765 2932 Ipse
778 2860 878 2913 dixerat
888 2861 1040 2922 Pitanissos,
1056 2861 1165 2932 Euripi·

100 2937 165 2992 dem
187 2941 311 2994 imitatus.
336 2941 404 2993 Nam
424 2940 492 2993 hnnc
514 2939 595 2992 solam
619 2940 816 3012 inscriptionem
836 2939 932 2992 horum
957 2941 1166 3010 fragmentorum

100 3019 178 3071 novit
194 3038 287 3073 aureus
308 3019 353 3072 ille
372 3018 457 3073 codex
476 3019 659 3081 Florentinus,
681 3039 791 3090 eamque
809 3033 835 3072 et
855 3020 883 3072 in
905 3019 991 3072 fronte
1006 3019 1166 3084 voluminis,
1266 3024 1273 3039 ¹

100 3099 150 3151 ubi
169 3117 260 3152 omnes
279 3099 472 3170 promittuntur
488 3097 635 3170 tragoediae,
652 3110 680 3152 et
697 3099 725 3152 in
746 3099 834 3152 fronte
851 3117 882 3152 ac
899 3098 953 3151 hue
970 3099 1049 3170 hujus
1066 3099 1165 3170 ipsius,

99 3175 216 3249 denique
234 3179 262 3231 in
284 3178 392 3230 summis
410 3179 534 3232 omnibus
553 3177 671 3249 paginis,
688 3179 785 3249 quibus
805 3179 973 3241 continetur,
993 3179 1108 3248 prefert.
1128 3180 1166 3233 Ut

99 3270 189 3310 autem
206 3277 222 3311 s
235 3256 370 3310 Troadum
386 3258 469 3311 choro
482 3259 601 3322 Troades,
614 3259 651 3310 sic
664 3276 678 3309 a
693 3259 775 3310 choro
789 3257 983 3310 Pboenisssrum
996 3257 1167 3329 appellavisse

99 3337 228 3390 Nostrum
247 3337 398 3400 Phom'ssos,
422 3338 471 3390 bac
488 3355 594 3409 quoque
612 3331 748 3408 Euripidis
761 3337 924 3400 imitatione,
946 3336 1021 3390 uelde
1040 3335 1166 3392 credibile
1256 3343 1261 3362 ‘¹

98 3434 132 3468 ec
149 3417 214 3470 mihi
233 3419 338 3489 penitus
354 3435 507 3486 persuasum
529 3430 599 3469 esta
626 3418 780 3469 Lectionem
794 3413 924 3469 Gronorii
943 3429 969 3469 et
988 3417 1166 3470 recentiorum

98 3509 206 3550 secutum
230 3515 305 3562 sum,
320 3515 355 3548 ne
377 3496 406 3547 in
426 3515 455 3548 re
477 3495 559 3558 dubio
585 3507 612 3548 et
634 3496 757 3550 levissimi
785 3496 903 3567 alioquin
925 3495 1052 3566 ponderis
1071 3514 1163 3550 eorum

99 3576 252 3629 enormitati
274 3577 426 3645 refragarer.
448 3577 508 3628 Duo
531 3588 618 3630 tamen
638 3574 788 3628 adnotanda
805 3576 941 3628 arbitror:
967 3565 998 3628 1⁰
1013 3594 1069 3628 non
1089 3594 1165 3645 posse

98 3673 133 3707 ex
153 3657 347 3709 Phoenissurom
373 3655 456 3708 choro
478 3655 587 3726 colligi,
613 3673 710 3708 nomen
729 3656 860 3722 Pherusa
881 3652 1012 3725 tragoedi·
1032 3674 1045 3707 a
1065 3655 1176 3708 Nostro¹

98 3734 228 3800 inditum,
240 3753 321 3806 quum
338 3735 434 3788 chorus
446 3735 532 3789 omnis
545 3733 716 3794 desideretur.
731 3753 781 3788 nec
795 3735 921 3787 affirmari
931 3747 1025 3805 queat,
1039 3734 1164 3800 chorum,

97 3811 134 3868 ed
143 3814 316 3868 imitationem
330 3813 480 3886 Euripidis,
496 3834 510 3867 a
521 3814 664 3869 Phoeniciis
673 3814 830 3867 mulieribus
838 3826 926 3866 actum
936 3833 943 3880 ;
956 3803 988 3866 2⁰
998 3814 1026 3867 in
1035 3814 1167 3885 plerisque

97 3893 276 3948 nostrisblSS.
286 3907 312 3947 et
325 3896 351 3946 in
366 3895 491 3965 primaria
502 3893 634 3948 Ferosndi
643 3893 762 3948 editione
777 3893 905 3946 Thebaidis
918 3893 1022 3947 titulum
1035 3893 1166 3964 usurpari,

95 3973 173 4045 quod
182 3979 250 4026 aurei
261 3975 347 4026 codicis
357 3973 453 4040 fidem,
466 3993 578 4028 numero
589 3976 680 4028 saltem
688 3985 715 4026 et
727 3991 813 4045 prope
827 3974 997 4028 universitate
1009 3991 1165 4027 monumen-

95 4067 201 4117 torum,
224 4054 369 4108 imminuat.
