3172 5138
444 521 726 588 THYESTES.
756 521 864 588 ACT.
886 523 928 588 V.
1139 525 1209 598 321

254 653 347 720 Tunc
369 649 574 719 hauriantur.
591 649 653 719 Sed
673 649 752 743 quid
770 649 855 720 hoc?
872 650 989 722 nolunt
1007 679 1123 728 manus
1174 689 1214 742 9⁸⁵

255 759 397 826 Parere:
418 759 534 824 crescit
556 756 701 850 pondus,
720 770 753 824 et
770 755 919 825 dextram
938 776 1064 852 gravat.

253 862 415 932 Admotus
433 864 509 956 ipsis
528 862 676 932 Bacchus
694 885 712 928 a
735 861 834 930 labris
853 862 953 957 fugit,

256 969 417 1062 Circaque
439 970 539 1037 rictus
558 992 616 1036 ore
634 966 772 1060 decepto
790 967 904 1037 effluit.

253 1077 323 1161 En,
344 1077 414 1168 ipsa
436 1073 565 1168 trepido
587 1096 700 1141 mensa
723 1072 873 1142 subsiluit
895 1075 974 1144 solo.

253 1181 318 1248 Vix
339 1178 427 1248 lucet
445 1182 538 1274 iguis.
555 1182 631 1273 lpse
649 1181 727 1272 quin
744 1179 846 1247 aether
865 1185 973 1273 gravis
996 1223 1014 1257 ,
1171 1235 1210 1270 no

254 1289 346 1355 lnter
361 1285 448 1354 diem
466 1300 661 1377 noctemque
678 1283 826 1352 desertus
844 1300 961 1379 stupet.

252 1391 342 1480 Quid
363 1390 451 1460 hoc?
466 1392 568 1485 magis
589 1391 757 1483 magisque
769 1394 927 1460 concussi
944 1391 1057 1463 labant

251 1499 407 1566 Convexa
425 1496 520 1567 coeli:
543 1497 676 1590 spissior·
696 1495 803 1564 densis
824 1498 891 1564 coit

251 1601 368 1696 Caligo
385 1604 545 1694 tenebris,
560 1626 690 1695 noxque
709 1625 743 1670 se
760 1603 794 1668 in
809 1617 940 1670 noctem
958 1605 1104 1674 abdidit:

250 1710 348 1804 Fugit
364 1733 461 1778 omne
479 1708 576 1777 sidus.
596 1705 765 1799 Quidquid
783 1722 851 1790 est,
871 1707 981 1794 fratri,
996 1736 1125 1804 precor,
1167 1761 1204 1802 99.

250 1815 408 1908 Natisque
428 1828 559 1908 parcat;
577 1814 682 1883 omnis
698 1814 731 1879 in
750 1811 812 1880 vile
828 1813 892 1882 hoc
908 1831 1008 1908 caput

140 2027 261 2086 minum.
275 2028 443 2098 pronuntiat,
454 2031 524 2098 justa
538 2029 649 2082 utriusc-
693 2043 745 2078 nox
758 2039 796 2079 est
811 2043 899 2096 neque
911 2025 968 2078 dies
981 2045 987 2078 :
1000 2047 1075 2081 nova
1093 2043 1121 2083 et
1135 2032 1201 2086 lera-

140 2124 188 2158 eus
201 2103 381 2160 distinctione.
693 2105 731 2156 les
742 2105 856 2158 tenebras
868 2106 964 2158 ethera
977 2107 1132 2178 implevere,
1143 2114 1199 2182 qui-

182 2185 248 2254 985.
274 2185 324 2239 Sed
345 2187 405 2259 quid
425 2188 491 2239 loe?
511 2199 562 2240 etc.
590 2187 649 2240 Ου’-
692 2183 742 2236 bus
754 2196 876 2254 gravatus
890 2197 975 2255 stupet,
991 2186 1045 2239 sive
1058 2199 1135 2258 stupet
1150 2211 1199 2261 pro

138 2265 233 2326 br'llon,
258 2267 333 2318 Atrde
356 2279 379 2317 et
402 2267 516 2336 Thyeste,
545 2267 650 2330 actv,
693 2275 770 2333 torpet
789 2264 915 2334 accipias,
937 2265 991 2316 aive
1014 2265 1104 2318 credas
1124 2270 1198 2324 illurn

138 2361 211 2396 soen.
228 2363 262 2413 7:
692 2353 798 2413 stupere
812 2355 838 2394 et
856 2343 959 2407 mirari,
972 2343 1046 2414 quod
1065 2347 1119 2400 suis
1135 2350 1197 2402 laci·

138 2455 193 2494 m
204 2469 242 2507 W
256 2457 433 2510 vois-jamenta
444 2455 485 2496 uh!
496 2457 567 2509 tut&
578 2457 647 2505 dim,
691 2421 741 2474 bus
760 2419 863 2475 diurnis
883 2435 909 2475 et
931 2425 1069 2476 nocturnis
1092 2429 1198 2482 orbatus

194 2524 259 2578 qaeu.
272 2525 367 2566 nomin
686 2503 734 2560 sit.

137 2595 193 2635 cua
201 2595 228 2634 aa
237 2595 383 2648 ...girone
392 2599 443 2634 mim
451 2609 471 2635 ‚a
481 2595 533 2647 gu«
545 2595 593 2634 aas.
601 2608 647 2634 ma
731 2580 798 2648 993.
809 2579 920 2632 &roera
929 2583 1066 2654 caltvng.
1076 2589 1137 2640 AEn.
1146 2590 1195 2651 lv,

692 2659 745 2721 4⁵1
759 2678 766 2709 ε
779 2685 790 2704 ι
802 2656 880 2712 tuder
893 2661 948 2714 caeli
959 2678 1076 2715 convexa
1090 2669 1166 2718 tueri.
1181 2697 1191 2714 .

138 2736 167 2774 la
181 2735 505 2788 releils'olraeereittstlaeoupe
520 2734 620 2786 rnnglente
731 2744 798 2806 994·
817 2739 917 2809 Noxque
934 2759 958 2791 u
979 2743 1003 2790 [a
1022 2755 1127 2807 noctem,
1145 2759 1194 2800 etc.

136 2805 218 2844 semble
232 2808 272 2846 fuir
286 2805 414 2846 debentne
428 2806 502 2844 iectu
518 2806 570 2844 maia
586 2815 643 2842 trem·
689 2817 774 2870 quma
786 2829 824 2870 est
839 2817 1007 2870 tenebrarum
1023 2819 1149 2887 domim,
1165 2840 1194 2878 ut

192 2875 265 2916 Μ’·
689 2895 743 2966 ipsa
755 2915 808 2948 nox
819 2897 972 2950 obscuriore
982 2898 1032 2950 alia
1041 2914 1119 2954 nocte
1132 2921 1195 2956 oon·

184 2975 251 3043 988.
265 2973 381 3046 Cr‘rcaque
393 2979 466 3026 rictus
478 2995 531 3034 ore,
545 2985 593 3026 etc.
608 2973 645 3026 Os
689 2973 717 3027 di
731 2973 860 3028 rideatur.
877 2976 968 3028 Simile
983 2977 1082 3048 aliquid
1098 2981 1194 3051 legitur

137 3067 259 3126 apertum
276 3053 356 3120 fallit,
369 3054 432 3107 bine
445 3051 508 3106 inde
524 3051 643 3105 effluens.
688 3053 714 3104 in
729 3052 810 3106 Ovid.
819 3054 926 3108 Metam.
939 3056 990 3120 x1,
1006 3057 1072 3122 521,
1083 3085 1093 3106 ι
1105 3061 1193 3113 Casca·

181 3153 246 3203 99⁰·
261 3134 338 3202 Ignis.
357 3133 512 3202 Intelligunt
528 3132 599 3182 Delr.
618 3145 644 3184 et
687 3151 739 3204 que
752 3151 805 3185 uox
813 3135 944 3204 premitur
956 3136 1070 3190 tenebris
1085 3139 1192 3192 hiemis·

136 3213 251 3266 Faruab.
259 3225 285 3264 et
292 3229 352 3266 eum
361 3212 413 3265 illis
421 3213 514 3265 Gallici
526 3211 641 3280 interpp.
687 3231 739 3282 qne
747 3214 855 3283 suisque
866 3233 890 3276 ις
901 3227 927 3266 et
939 3232 963 3264 r.
976 3214 1030 3282 549
1043 3233 1066 3267 :·
1077 3217 1189 3273 Inducta

136 3293 226 3363 ignem
238 3317 248 3339 ι
259 3291 399 3344 cenationi
418 3290 582 3355 adhibitum,
599 3291 643 3342 ob·
685 3291 767 3362 piceis
776 3309 791 3344 e
799 3291 914 3344 nubibus
924 3293 1019 3345 umbra
1030 3294 1117 3349 Omne
1126 3300 1190 3351 latet

135 3371 219 3425 soniis
238 3371 385 3444 subjectum
400 3395 428 3434 ·‚
440 3372 529 3440 ignem
549 3369 642 3422 dome·
686 3372 792 3435 carlum,
806 3370 992 3442 duplicataque
1004 3375 1090 3428 noctis
1102 3377 1189 3449 imago

135 3451 195 3504 stiei
212 3451 275 3503 soci.
291 3450 383 3502 Potius
399 3449 485 3502 lorsan
503 3448 642 3519 significari
685 3462 732 3502 est·
744 3475 754 3496 ι
768 3449 843 3502 Nost.
859 3452 1013 3521 Agamemn.
1032 3457 1086 3522 47²
1097 3473 1124 3508 :·
1134 3459 1189 3509 Nec

133 3528 284 3602 putandum
308 3529 475 3582 lucernarum
500 3527 641 3580 dammam.
686 3547 738 3582 uua
748 3547 801 3580 nox
812 3529 951 3582 est:densa
966 3531 1086 3586 tenebras
1098 3537 1189 3590 obruit

133 3609 201 3664 vid.
211 3629 269 3682 sup.
282 3605 307 3664 v.
320 3611 387 3677 908.
398 3609 470 3679 Ignis
483 3621 570 3660 autem
585 3608 642 3670 ille,
685 3609 784 3677 Caligo.
802 3633 811 3653 ι

133 3691 329 3762 qualiscunque
341 3688 387 3750 sit,
397 3686 431 3740 ad
441 3685 641 3741 similitudinem
726 3690 790 3756 996.
808 3689 893 3740 Omnis
912 3693 935 3740 in
954 3691 1019 3753 nile,
1038 3703 1087 3744 etc.
1108 3693 1190 3765 Optat

132 3771 198 3822 solis
222 3768 356 3840 pallescit,
380 3767 498 3820 universi
525 3766 642 3838 stuporis
685 3767 869 3836 Thyestes,ut
884 3766 1016 3838 quidquid
1030 3772 1092 3823 mali
1103 3774 1189 3826 immi.

129 3845 430 3921 particeps—Gravis.
447 3847 560 3916 Propter
575 3846 640 3916 spis·
685 3859 730 3898 net
741 3846 849 3916 propria
859 3846 933 3900 clade
945 3847 1066 3903 redimat.
1081 3851 1124 3905 Sic
1137 3855 1190 3908 Lu·

131 3929 217 3982 riores
228 3929 358 3980 tenebras.
685 3943 742 3978 can.
762 3925 803 3988 11,
818 3925 868 3977 306
879 3946 908 3979 ει
923 3927 948 3978 O
963 3929 1065 3982 utinam
1083 3934 1192 4004 caelique

175 4026 241 4077 99¹·
258 4008 325 4059 Inter
344 4006 405 4058 diem
425 4017 574 4076 noctemque,
589 4015 639 4054 etc.
686 4003 742 4057 deis
757 4004 890 4076 Erebique
904 4006 996 4060 liberet
1005 4009 1061 4062 lloc
1070 4026 1149 4080 caput
1165 4015 1191 4066 in

132 4087 243 4140 AEthera
258 4087 329 4139 enirn
341 4083 509 4138 deseruerant
527 4097 553 4136 et
567 4081 641 4134 diur·
686 4097 792 4137 cunctas
815 4083 967 4139 damnatum
989 4109 1120 4157 exponere
1139 4113 1193 4162 μω-

131 4187 184 4221 nus
198 4167 238 4218 sol
254 4179 279 4218 et
295 4177 426 4217 nocturna
442 4163 526 4216 sidera
538 4181 543 4215 :
557 4180 642 4232 neque
689 4163 767 4216 nas!-

189 4279 216 4342 Ι.
283 4341 287 4348 ,
966 4299 1006 4342 at
