3210 5140
308 499 587 579 HERCULES
613 507 832 576 FURENS.
860 508 969 576 ACT.
993 509 1058 577 IV.

310 646 450 730 Certus,
468 656 503 714 et
519 642 606 711 idem
624 643 785 736 pessimus
802 655 943 710 auctor:

309 752 407 818 Pater
425 774 446 818 o
463 773 596 834 rerum,
616 762 731 842 portus
751 749 844 834 vitre,

308 857 408 925 Lucis
428 856 576 948 requies,
598 854 768 946 noctisque
787 877 916 941 comes,

309 963 376 1050 Qui
396 985 457 1057 par
473 963 544 1055 regi
563 958 753 1054 famuloque
771 961 879 1045 venie,

310 1066 462 1136 Placidus
484 1066 607 1136 fessum
628 1065 773 1160 lenisque
791 1065 877 1134 fove.

309 1173 468 1242 Pavidum
487 1169 542 1241 leti
563 1197 666 1268 genus
687 1171 870 1240 humanum

311 1280 411 1373 Cogis
432 1277 565 1372 longam
587 1278 713 1348 discere
734 1292 894 1364 mortem;

310 1387 426 1454 Preme
444 1382 634 1453 devinctum
653 1399 789 1478 torpore
807 1385 922 1478 gravi:

312 1493 420 1585 Sopor
440 1489 616 1559 indomitos
634 1489 744 1584 alliget
765 1505 873 1576 artus3

308 1599 380 1666 Nec
402 1610 496 1665 torva
519 1597 609 1692 prius
632 1611 768 1690 pectora
789 1594 933 1690 linquat,

311 1704 422 1791 Quam
441 1726 534 1772 mens
551 1716 679 1797 repetat
694 1703 830 1798 pristina
848 1726 992 1772 cursum.

194 1903 277 1956 ¹⁰7¹·
295 1883 416 1936 Pessimus
427 1896 520 1938 auctor.
535 1880 577 1936 Ad
592 1883 664 1936 hune
707 1902 771 1937 nere
788 1882 921 1937 adiurnin
940 1883 1076 1937 laboribus
1095 1883 1216 1938 hominen

151 1965 241 2020 locum
259 1963 407 2016 Fer-nebim
424 1981 431 2015 τ
449 1963 664 2034 «Frequentiore
707 1965 883 2036 requiescunt.
907 1961 978 2016 Vide
997 1981 1056 2034 quae
1079 1963 1217 2018 citavimus

153 2045 223 2098 enim
241 2043 347 2097 somnio
358 2061 421 2096 rere
436 2061 472 2096 ex
488 2043 584 2096 mentis
596 2061 663 2113 pree·
707 2042 742 2095 ed
754 2061 823 2097 vere.
841 2042 925 2096 1065.
939 2073 977 2086 —
989 2044 1119 2115 Noerisque
1131 2065 1215 2100 comes.

153 2143 217 2195 segre
238 2135 332 2186 metu,
348 2141 429 2194 quam
449 2123 508 2175 lnte
529 2141 561 2174 ex
579 2141 635 2193 epe.
650 2147 661 2169 ι
709 2121 847 2175 Claudieu.
857 2123 929 2175 bello
941 2121 1051 2177 Gildon.
1065 2124 1136 2178 213:
1149 2124 1218 2177 «llu-

154 2203 260 2257 Seilioet
271 2203 462 2274 interpretetur
476 2214 555 2254 certus
567 2213 592 2253 et
604 2202 665 2254 idem
707 2204 810 2256 mentes
821 2205 875 2274 jam
887 2202 972 2256 noetio
986 2221 1083 2275 equos,
1097 2203 1216 2258 Lahm-

150 2288 279 2354 pesn'nus,
299 2281 374 2355 queri
389 2280 491 2335 dietum
507 2282 592 2343 soret,
606 2299 665 2335 eer-
707 2301 759 2354 que
776 2282 891 2336 Somnus
904 2282 994 2335 Fraeue
1014 2301 1106 2354 regens
1116 2321 1124 2348 ,
1136 2284 1217 2338 tacito

153 2360 314 2435 mquidem
321 2360 473 2426 futuri,sed
481 2379 578 2433 magno
589 2360 666 2414 nobie
707 2363 833 2416 volvebat
844 2361 930 2416 sidera
944 2379 1033 2414 eumn.
1050 2387 1062 2410 ι

153 2441 344 2500 incommodo,
364 2441 460 2512 quibus
475 2442 565 2494 lutura
579 2439 666 2506 mela,
751 2448 832 2508 1076.
857 2442 909 2511 Qui
923 2461 972 2512 par
992 2446 1059 2511 regi,
1082 2453 1133 2494 etc.
1156 2441 1217 2496 Ser·

152 2524 309 2594 prinsquam
331 2519 467 2585 accidant,
485 2539 595 2574 romnus
610 2538 665 2572 me·
708 2522 790 2576 vienti
802 2524 875 2593 juxta
888 2535 914 2575 et
925 2521 1045 2591 regnanti
1054 2520 1196 2591 jucundae.

153 2601 251 2655 tuenda
269 2601 357 2654 faciat.
379 2600 442 2654 llaec
468 2600 664 2672 interpretatio,
752 2600 832 2671 1075.
844 2602 952 2655 Ferrum.
968 2601 1117 2654 llerculem.

153 2683 215 2735 licet
234 2693 311 2735 emta
329 2697 379 2752 per·
397 2699 424 2733 ee
440 2691 466 2732 et
480 2680 567 2732 verbis
587 2681 666 2732 etiam
752 2685 835 2751 1076.
863 2681 1000 2746 Pavidum,
1028 2693 1078 2734 ete.
1102 2680 1218 2748 Somne,

154 2761 242 2816 latiuie
264 2759 340 2815 haud
360 2760 501 2812 inlelieiter·
520 2777 667 2812 eceommo·
709 2760 754 2831 qui
766 2760 1218 2826 homiuee,lieetmorterntimeant,

155 2839 231 2905 data,
242 2841 305 2894 itae
321 2840 512 2893 sententiarum
526 2857 628 2892 summa
641 2851 668 2892 et
709 2839 844 2913 quoddam
853 2853 941 2894 mmen
952 2841 1218 2912 mortieexperimeu·

154 2922 222 2973 serie
250 2920 394 2983 abhorret,
418 2919 588 2990 quantumvis
609 2919 667 2971 laxa
710 2932 767 2974 tum
785 2921 870 2974 faeere
892 2919 980 2991 cogis,
1003 2921 1060 2990 ejus
1075 2921 1217 2991 imaginem

155 3001 313 3071 solutaque,
326 3012 358 3052 ut
367 3017 440 3052 saeue
451 2999 539 3052 locum
549 2999 668 3070 accipere
710 3001 807 3054 iterum
825 3013 851 3052 et
871 3000 971 3054 iterum
989 3000 1124 3062 referem,
1145 3000 1217 3071 gravi

156 3081 255 3132 malim.
268 3079 354 3132 Certus
367 3079 461 3132 uidem
468 3081 670 3150 pessimussuturi
710 3093 737 3132 et
749 3080 834 3151 qualia
855 3092 894 3134 eet
917 3080 943 3132 in
968 3092 1053 3133 morte
1074 3079 1219 3145 Herouleop

155 3171 240 3212 auctor
268 3158 338 3212 mihi
360 3157 486 3212 videntur
514 3177 569 3212 non
596 3157 668 3211 eliud
711 3172 781 3214 ertue
800 3155 908 3230 torpore
926 3159 1011 3229 alliga.
1034 3156 1105 3211 Vide
1124 3159 1218 3212 Anim-

156 3257 234 3310 qnenr
250 3242 316 3290 vods
332 3242 429 3290 mitum
437 3240 508 3306 sata
521 3237 668 3309 significare
710 3237 813 3292 advers.
829 3251 940 3292 nostres.

158 3331 183 3372 et
198 3316 392 3390 praeoedentin,
408 3331 440 3371 ut
459 3335 529 3389 eaepe
549 3317 599 3381 fit,
619 3318 667 3370 ite·
754 3316 1220 3389 1078.Premedeoinetum.Neeomno

158 3398 242 3452 raudo
250 3398 671 3464 confirmere3nuuccertmsutun'
711 3399 838 3452 excitatus
848 3396 883 3451 ed
893 3396 1001 3450 infunde
1014 3397 1064 3449 alia
1073 3416 1120 3468 per
1132 3403 1221 3450 umen-

160 3489 261 3544 auctor,
280 3497 352 3530 nune
362 3482 485 3549 pessimus.
712 3480 776 3532 tiam
789 3480 897 3530 feratur.
911 3475 983 3529 Vide
997 3475 1120 3549 Euripid.
1140 3477 1219 3531 Herc.

201 3577 284 3628 ¹97²·
297 3558 376 3610 Pater
389 3577 403 3609 ο
416 3575 502 3608 mean.
514 3557 569 3622 Qui
580 3556 669 3609 omnia
712 3558 774 3611 Fur.
791 3558 882 3622 1054:
896 3559 930 3628 μὴ
949 3548 1029 3626 llop’
1043 3557 1220 3628 ἀνιγιιρόμινις

158 3635 246 3690 reficis
272 3649 301 3689 et
325 3655 438 3690 recreer.
461 3635 571 3692 Homer.
592 3635 668 3688 Iliad.
711 3627 1069 3703 maleae,dnoeinolltu,dnt
1077 3631 1219 3708 dinere'pe,

158 3715 232 3777 XIV,
252 3715 329 3769 233:
356 3741 368 3763 ι
390 3702 472 3780 Verre,
491 3715 553 3779 ἄναξ
568 3717 668 3769 πάντων
713 3717 822 3790 μίλαθρᾶ
834 3739 861 3772 τι
878 3717 1014 3787 καταράξῃ.

158 3813 185 3846 τι
193 3801 251 3847 tee'n
262 3795 364 3849 πάντων
377 3795 668 3866 emmeramum.
756 3800 838 3852 1081.
864 3799 966 3868 Repetat
987 3799 1092 3868 pristine
1119 3815 1221 3853 eursmn.

159 3873 242 3929 Flere.
256 3875 339 3938 vul,
357 3895 393 3945 70
409 3893 416 3928 :
435 3901 447 3923 ι
464 3875 563 3928 Somne
576 3875 669 3946 paterl
713 3876 836 3930 Placidoe
848 3895 938 3934 sensus
953 3889 979 3929 et
996 3877 1135 3946 pristinam
1150 3889 1221 3932 um-

159 3953 255 4008 Somne
281 3955 464 4027 omnipotens!
481 3981 492 4002 ι
516 3987 556 3998 -
580 3955 671 4007 Pauus
713 3957 870 4028 quillitatem
886 3956 1004 4026 recipiet.

159 4039 224 4088 vite.
249 4037 353 4089 Tutum
378 4036 473 4088 enimie
495 4047 588 4088 contre
608 4035 670 4088 vine
758 4038 835 4088 1082.
851 4036 973 4103 Enfusus
987 4036 1069 4098 humi,
1083 4047 1135 4089 ete.
1149 4035 1224 4090 Euri·

160 4133 287 4168 ernnmae
299 4128 326 4168 et
336 4115 495 4169 calamitates
508 4115 669 4186 perfugium.
713 4115 771 4188 pid.
793 4116 870 4169 Herc.
885 4116 938 4169 fur.
963 4119 1057 4185 1067:
1077 4141 1088 4162 ι
1102 4105 1224 4188 Εξιγιιρὸ·
1264 4149 1269 4156 -

201 4193 284 4264 107³.
302 4196 374 4247 Lucis
394 4199 492 4268 requies.
511 4196 594 4266 Cujus
613 4213 671 4248 mu·
715 4215 785 4266 μινος
797 4199 935 4267 στρίφιται.
950 4221 961 4241 ·
