3210 5140
318 497 389 570 136
601 500 640 566 L.
667 497 846 566 ANNAEI
875 495 1090 564 SENECAE

362 628 474 726 Spolio
492 627 616 699 leonis?
631 653 775 722 quonam
794 629 874 698 abiit
891 629 1034 722 tegimen
1050 651 1181 716 meum,

364 737 524 830 Idemque
541 759 658 806 somno
674 733 781 804 mollis
799 732 964 805 Herculeo
982 732 1097 802 torus?

364 844 433 912 Ubi
450 840 536 911 tela?
551 841 608 911 ubi
628 840 746 911 arcus?
765 865 856 932 arma
874 841 946 934 quis
962 842 1038 908 vivo
1056 840 1138 908 mihi

364 949 549 1018 Detrahere
567 947 700 1042 potuit?
715 945 819 1042 spolia
834 949 906 1041 quis
927 960 1020 1015 tanta
1037 945 1190 1016 abstulit?

362 1058 543 1150 Ipsumque
558 1056 631 1148 quis
651 1079 719 1123 non
737 1053 887 1123 Herculis
909 1077 1063 1122 somnum
1082 1053 1234 1124 horruit?
1323 1087 1362 1124 „s

365 1161 463 1230 Libet
479 1185 589 1230 meum
606 1161 718 1230 videre
735 1161 914 1246 victorem,
934 1157 1022 1227 libet

363 1270 530 1362 Exsurge,
546 1269 671 1353 victor,
685 1291 785 1362 quem
807 1289 931 1335 novum
952 1261 1147 1360 caelo-pater

365 1375 489 1444 Genuit
505 1372 638 1462 relict03
652 1374 746 1466 cujus
764 1374 798 1440 in
817 1371 899 1442 foetu
914 1373 1003 1442 stetit

362 1482 440 1548 Nox
458 1479 603 1574 longior,
616 1504 716 1574 quam
735 1492 859 1548 nostra.
875 1477 975 1567 Quod
990 1501 1091 1546 cerno
1106 1477 1219 1546 nefas?

362 1588 439 1654 Nati
456 1601 594 1655 cruenta
613 1585 702 1655 caede
719 1585 862 1654 confecti
876 1575 1004 1678 jacent;
1326 1611 1376 1648 „a

363 1695 538 1787 Perempta
555 1692 685 1785 conjux.
706 1693 791 1780 Quis
809 1694 919 1785 Lycus
937 1715 1076 1784 regnum
1094 1688 1243 1758 obtinet?

362 1799 446 1886 Quis
468 1811 560 1866 tanta
581 1797 703 1868 Thebis
724 1796 848 1866 scelera
871 1795 979 1866 moliri
1001 1820 1101 1865 ausus
1120 1811 1186 1883 est,

364 1903 507 1974 Hercule
528 1903 681 1974 reverso?
694 1905 852 1998 Quisquis
868 1903 991 1972 Ismeni
1010 1899 1099 1986 loca,

363 2011 472 2080 Actaea
490 2011 638 2104 quisquis
658 2034 754 2096 arva,
775 2010 832 2103 qui
852 2010 985 2103 gemino
1009 2009 1092 2077 mari

362 2116 494 2185 Pulsata
515 2116 644 2209 Pelopis
666 2141 768 2208 regna
790 2114 950 2183 Dardanii
972 2113 1071 2198 colis,
1322 2145 1372 2181 „ss

360 2223 541 2309 Succurre,
559 2245 653 2290 saevae
673 2219 774 2289 cladis
794 2234 964 2290 auctorem
984 2219 1103 2289 indica.

309 2416 461 2478 illuserint,
471 2415 548 2467 solita
559 2432 668 2480 eorum,
682 2414 728 2485 qui
740 2433 818 2466 mon·
861 2414 1098 2486 epexerat,inscius
1107 2413 1153 2484 qui
1158 2416 1276 2484 jacerent
1284 2431 1291 2466 :
1299 2433 1372 2467 nunc

309 2493 817 2565 straoppresserant,ornamenta,loevo
861 2512 971 2546 uxorem
986 2506 1013 2547 et
1023 2494 1120 2546 liberos
1134 2494 1258 2564 agnoseit.

309 2593 341 2628 ex
361 2574 473 2626 humero
491 2572 658 2644 pendebant,
677 2593 711 2626 ne
730 2572 818 2626 dextri
905 2577 987 2627 1161.
1002 2574 1064 2642 (tuo
1077 2574 1161 2646 Lycus.
1176 2573 1234 2626 Iloc
1246 2585 1299 2640 est,
1310 2575 1371 2646 quis

308 2651 410 2706 brachii
430 2665 518 2706 motus
539 2652 567 2705 in
587 2651 713 2706 certando
733 2654 817 2724 impe·
861 2649 1226 2724 tyrannus,Lyciaudaciam
1237 2654 1372 2707 sevitiam·

308 2732 407 2786 dirent.
860 2753 913 2805 que
928 2735 1054 2786 referens.

350 2819 431 2867 1151.
445 2813 557 2882 Tegimen
569 2831 659 2876 meon,
675 2825 725 2865 etc.
738 2813 817 2866 Pellis
905 2815 989 2866 1163.
1004 2813 1135 2885 Quisquis,
1149 2825 1200 2866 etc.
1214 2811 1312 2866 Omnes
1321 2831 1368 2884 po·

306 2894 426 2958 leonina,
440 2911 500 2964 quae
518 2893 633 2963 tegimen
652 2892 773 2962 vigilanti
790 2905 818 2945 et
860 2893 938 2964 pulos
953 2893 1054 2946 Thebis
1073 2891 1176 2944 vicinos
1193 2892 1321 2964 appellat,
1337 2905 1368 2944 ut

306 2973 452 3044 pugnanti,
467 2984 557 3024 torum
572 2984 660 3025 autem
673 2971 817 3025 dormienti
860 2973 910 3025 sibi
921 2971 999 3025 codis
1013 2983 1148 3024 auctorem
1161 2969 1368 3024 denuntient.—

305 3053 423 3124 praebere
434 3053 543 3110 solebat.
859 3053 946 3105 Ismeni
968 3053 1029 3105 loca.
1050 3051 1121 3104 Loca
1139 3053 1244 3104 Ismeno
1266 3051 1347 3121 rigata
1358 3086 1367 3114 ,

350 3133 435 3186 1152.
459 3131 570 3185 Mollis...
588 3143 662 3184 torus.
687 3132 815 3186 Fortassis
858 3129 887 3184 id
894 3131 1093 3198 est‚Boeotiam.
1104 3129 1173 3184 vide
1182 3151 1255 3204 supr,
1265 3150 1290 3184 v.
1302 3131 1368 3195 334.

306 3210 407 3283 aliquid
426 3212 556 3284 superbias
571 3211 614 3264 his
632 3211 716 3264 inesse
728 3213 816 3264 verbis
902 3215 985 3274 1164.
1002 3211 1099 3264 Actae.
1119 3211 1213 3264 Attica.
1229 3211 1296 3263 Ptin.
1317 3211 1368 3274 IV,

303 3293 389 3345 voluit
397 3304 491 3364 poeta;
503 3292 604 3345 scilicet
616 3289 753 3344 horridam
762 3291 815 3343 Ne·
859 3309 875 3360 7
894 3311 901 3342 ε
916 3292 947 3344 In
964 3311 993 3344 eo
1008 3281 1148 3360 (Graecia)
1163 3295 1244 3361 prima
1262 3292 1366 3352 Attica,

305 3373 381 3424 meni
395 3372 480 3425 leonis
491 3371 602 3442 pellem,
616 3389 676 3442 quae
691 3371 748 3423 aliis
758 3371 815 3442 qui·
857 3374 988 3444 antiquitus
999 3371 1063 3424 Acte
1071 3382 1175 3432 aarum
1186 3368 1259 3442 quod
1270 3387 1367 3422 nomen

305 3451 423 3505 buslibet
443 3469 533 3521 aspera
557 3449 691 3515 videatur,
707 3449 815 3502 mollem
857 3448 969 3504 ductum
985 3463 1041 3504 erat
1056 3449 1089 3502 ab
1111 3451 1191 3514 dari,
1211 3450 1283 3502 litus.
1295 3447 1367 3500 Vide

305 3551 360 3585 esse
376 3531 503 3594 Herculi,
518 3529 585 3582 tanti
600 3529 704 3582 roboris
716 3530 783 3582 viro.
857 3529 927 3583 Gell.
939 3531 1015 3596 xlv,
1030 3533 1064 3594 63
1081 3541 1108 3582 et
1119 3529 1184 3582 Stat.
1200 3529 1264 3582 Silr.
1280 3529 1341 3594 V,a
1357 3565 1367 3592 ,

347 3610 428 3680 1157.
447 3611 523 3678 Quem
537 3629 638 3672 mcum,
656 3622 706 3662 etc.
720 3607 814 3662 Credit
856 3627 882 3661 v.
901 3613 967 3664 128.
981 3641 1022 3654 --
1037 3609 1140 3663 Gemino
1161 3613 1230 3662 mari.
1244 3611 1328 3677 AEgeo
1340 3621 1368 3661 et

304 3689 375 3742 enirn
389 3689 516 3740 Hercules
527 3707 554 3740 se
566 3707 580 3741 a
591 3689 698 3741 nemine
707 3688 760 3742 alio
772 3707 815 3741 su·
857 3689 942 3741 Ionio.
957 3689 998 3742 cf.
1011 3708 1084 3760 supr.
1098 3707 1124 3741 v.
1140 3688 1207 3741 336.

304 3769 390 3841 peruri
405 3786 482 3839 posse
496 3781 593 3838 praeter
610 3769 685 3820 Joris
705 3767 813 3832 titium,
898 3767 982 3822 1165.
994 3769 1092 3840 Pelopis
1102 3789 1186 3838 regna.
1200 3768 1367 3840 Peloponne-

301 3861 327 3902 et
351 3865 412 3900 eum
434 3845 560 3916 quidem,
585 3847 627 3900 cui
645 3846 811 3919 procreando
855 3865 931 3910 sum,
946 3849 1117 3900 seuinsulam
1131 3849 1237 3920 Pelopis
1254 3843 1367 3913 (νῆσος,

298 3928 404 3998 longior
429 3945 482 3977 nox
507 3945 586 3997 quam
613 3926 664 3979 sibi
690 3927 811 3998 impensa
855 3923 963 3990 buch.)
978 3959 1018 3969 ·—
1034 3929 1164 3980 Dardanii.
1182 3927 1301 4000 Phrygii.
1316 3928 1366 3982 Pe-

300 4008 389 4061 l'uerit.
404 4004 468 4057 Vid.
483 4025 555 4076 supr.
571 4025 596 4058 v.
613 4013 658 4069 aq.
853 4005 912 4078 lops
924 4007 995 4060 euim
1004 4007 1144 4060 Tantalum
1154 4021 1255 4078 patrem
1263 4008 1366 4072 habuit,

343 4085 511 4155 1159.()uod
519 4105 587 4138 cerno
596 4086 807 4153 nesastcruenta
851 4105 938 4156 regem
957 4087 1093 4157 Phrygia.
1113 4107 1172 4158 quae
1188 4101 1214 4140 et
1231 4086 1365 4140 Troadem

301 4179 402 4222 tantum
424 4183 550 4238 corpora,
573 4184 610 4218 vs.
631 4171 720 4232 Uli,
743 4185 807 4238 pro·
852 4166 1096 4236 complectebatur,
1117 4165 1277 4222 Dardaniam
1296 4185 1366 4240 quo-
