3098 5150
252 595 255 606 .
372 537 473 632 xcviij
641 539 882 612 lllSTORlCA
907 541 963 610 ΕΓ
987 541 1169 610 CRl'l'lCA

372 661 470 726 refert
488 660 560 726 illa:

511 803 605 858 lledea
618 817 746 878 cuperent.

371 943 408 1007 ld
425 941 521 1009 laude
537 944 788 1035 dignissimum:
818 945 877 1012 ced
903 947 943 1012 iia
965 969 1038 1036 quae
1053 945 1272 1027 subjiciuntur
1285 965 1438 1008 corrum-

371 1049 460 1138 pitur
473 1051 591 1142 magia,
604 1074 702 1142 quam
719 1069 855 1118 ornatur
865 1053 1044 1118 sententia:

703 1203 753 1257 llic
766 1221 840 1258 mare
848 1215 874 1258 et
886 1215 971 1260 tm·
984 1202 1060 1258 videa

511 1291 674 1366 rerumque
684 1305 712 1347 et
724 1291 799 1366 ignea
809 1306 835 1347 et
843 1292 908 1348 deoc
922 1303 949 1348 et
962 1293 1087 1346 fulmina.

371 1451 433 1514 Par
461 1467 511 1516 eat
539 1451 696 1518 brevitate
723 1453 757 1516 in
785 1453 964 1542 Hippolyto
989 1448 1123 1541 quoda
1149 1448 1283 1514 Phaedra
1308 1447 1442 1510 Theseo

371 1553 597 1643 respondetur.
618 1559 765 1646 Rogante
788 1557 875 1621 enim
898 1557 951 1621 illa
974 1554 1166 1645 conjugem,
1187 1551 1324 1643 privigni
1339 1573 1441 1616 accu-

370 1660 461 1725 sandi
480 1685 592 1744 causa,
610 1679 649 1728 ut
666 1680 805 1728 mortem
822 1663 883 1727 sibi
900 1662 1078 1752 permittat,
1095 1663 1273 1750 interrogat
1290 1659 1443 1722 Theseus

371 1766 461 1854 quod
475 1768 516 1831 sit
529 1767 688 1834 luendum
703 1785 808 1834 morte
821 1768 987 1834 delictum.
997 1803 1043 1818 -
1056 1765 1153 1854 Quod
1161 1767 1248 1846 vivo,
1263 1760 1442 1851 respondet

370 1871 514 1938 Phaedra.
530 1872 568 1937 ld
583 1873 699 1938 subtile
715 1891 747 1938 et
758 1874 948 1938 accersitum
959 1871 1160 1954 judicamus;
1178 1871 1237 1934 nisi
1250 1869 1322 1958 quis
1337 1889 1441 1932 excu-

371 1993 438 2058 set,
455 1977 545 2066 quod
555 1977 628 2043 ficte
644 1995 675 2043 et
689 1981 869 2067 composite
881 1995 953 2069 agat
965 1977 1115 2060 Phoedra3
1128 1973 1185 2042 sed
1195 1977 1263 2064 ipsa
1274 1973 1442 2040 excusatio

371 2082 498 2147 subtilis
515 2100 547 2147 et
562 2085 714 2148 accersita
729 2084 885 2150 rideatur.

416 2188 519 2252 Multa
533 2188 619 2277 apud
634 2205 784 2254 nostrum
800 2207 929 2277 poetam
943 2189 1103 2270 invenias,
1118 2187 1237 2276 quibus
1251 2203 1322 2275 apte
1336 2185 1442 2272 expri-

373 2293 473 2358 mitur
494 2295 641 2376 virtutis,
666 2293 825 2377 audaciae,
850 2293 988 2378 doloris,
1013 2295 1170 2385 superbiae
1190 2294 1310 2374 effusa,
1332 2306 1370 2357 ut
1393 2292 1441 2354 ita

372 2396 493 2480 dicam,
507 2398 771 2487 intemperantia,
783 2400 998 2488 omniumque
1013 2398 1228 2489 cupiditatum
1241 2397 1440 2465 extrinsecus

372 2503 568 2586 furentium,
585 2528 656 2592 quae
672 2505 839 2594 ingenium
854 2506 984 2595 erigunt
997 2505 1284 2595 sollicitentque,et
1300 2525 1370 2590 quae
1386 2503 1441 2566 vel

373 2609 440 2672 sola
458 2609 580 2698 ingenii
598 2609 780 2674 intentione
797 2611 942 2699 apprime
966 2628 1087 2699 queant
1103 2609 1222 2700 affingi.
1247 2611 1367 2674 Contra
1383 2607 1441 2672 vix

373 2714 437 2777 ulla
454 2730 547 2790 sunt,
566 2715 684 2802 quibus
698 2716 973 2797 mansuetudinis,
991 2717 1170 2805 patientiae,
1186 2715 1304 2781 amoris
1322 2712 1441 2778 adum·

373 2821 486 2888 bretur
508 2822 625 2910 imago.
649 2823 776 2888 Scilicet
798 2848 864 2889 non
887 2840 1014 2913 poterat
1035 2825 1173 2907 Seneca,
1191 2840 1304 2912 suapte
1324 2839 1441 2886 natura

373 2944 406 2991 et
422 2928 574 3016 peculiari
591 2932 786 3017 caeteroquin
803 2931 939 2995 consilio
955 2931 995 2996 ad
1010 2932 1070 2996 alia
1086 2953 1282 3020 propensus,
1301 2930 1335 2992 ia
1354 2929 1443 3015 ejus·
1520 2965 1526 2974 ·

375 3032 464 3097 modi
480 3033 614 3098 affectus
629 3035 743 3123 saepius
760 3035 912 3102 incidere.

416 3139 558 3203 Alferam
576 3155 703 3222 tamen,
723 3164 812 3228 quae,
831 3158 869 3207 ut
885 3141 992 3206 lucida
1010 3142 1130 3226 sidera,
1145 3144 1179 3206 in
1197 3139 1261 3206 hoc
1278 3140 1443 3205 nebuloso

372 3244 500 3332 fulgent
512 3246 598 3310 carlo.
615 3244 733 3310 Audita
752 3262 857 3310 morte
871 3247 1055 3336 Hippolyti,
1072 3245 1205 3314 Phedm
1216 3247 1299 3312 mori
1311 3246 1446 3327 statuit,

373 3366 407 3414 et
422 3351 456 3414 in
475 3352 647 3418 novissima
664 3352 820 3418 exclamat
835 3354 984 3440 querela:

706 3521 769 3586 Quo
783 3532 843 3573 tuuc
862 3519 930 3594 fugit
945 3519 1033 3582 decor,

513 3607 661 3681 Oculique,
681 3620 805 3663 nostrum
814 3607 907 3663 aidus?
919 3609 1047 3662 exanimis
1056 3609 1148 3683 jacea?

516 3694 587 3748 aldea
600 3713 752 3769 parumper,
760 3698 894 3769 verbaque
906 3696 1001 3750 exaudi
1016 3717 1084 3751 mea.

514 3781 558 3835 Nil
570 3795 645 3856 turpe
658 3785 811 3858 loquimur:
824 3785 875 3839 hac
887 3804 969 3838 manu
980 3805 1068 3856 ponae
1078 3785 1125 3840 tibi

513 3868 633 3936 Solvam,
651 3885 677 3926 et
692 3871 808 3926 nelaudo
826 3875 923 3945 pectori
938 3875 1036 3928 lerrum
1047 3875 1172 3938 inseram,

514 3956 662 4030 Animaque
672 3959 808 4013 Phaedram
822 3961 918 4032 pariter
933 3981 964 4015 ac
977 3963 1074 4016 scelere
1084 3982 1188 4028 exuam

516 4043 549 4096 Et
562 4055 587 4096 te
598 4065 644 4116 per
657 4047 759 4114 undar,
777 4067 879 4122 perque
890 4051 1028 4103 Tartareos
1041 4051 1128 4113 laeua.

519 4132 569 4185 l'er
578 4133 657 4206 Styga
668 4172 676 4200 ,
687 4155 835 4207 perarma
846 4138 936 4210 igneo·
947 4157 1037 4192 amena
1047 4157 1150 4211 sequar.
