<?xml version="1.0" encoding="UTF-8"?>
<!DOCTYPE html PUBLIC "-//W3C//DTD XHTML 1.0 Transitional//EN"
    "http://www.w3.org/TR/xhtml1/DTD/xhtml1-transitional.dtd">
<html xmlns="http://www.w3.org/1999/xhtml" xml:lang="en" lang="en">
 <head>
  <title>
</title>
<meta http-equiv="Content-Type" content="text/html;charset=utf-8" />
  <meta name='ocr-system' content='tesseract 3.04.00' />
  <meta name='ocr-capabilities' content='ocr_page ocr_carea ocr_par ocr_line ocrx_word'/>
</head>
<body>
  <div class='ocr_page' id='page_1' title='image "./lannsenecparste02piergoog_0102.png"; bbox 0 0 3118 5138; ppageno 0'>
   <div class='ocr_carea' id='block_1_1' title="bbox 475 555 1164 648">
    <p class='ocr_par' dir='ltr' id='par_1_1' title="bbox 475 555 1164 648">
     <span class='ocr_line' id='line_1_1' title="bbox 475 555 1164 648; baseline -0.003 -24"><span class='ocrx_word' id='word_1_1' title='bbox 475 555 783 624; x_wconf 85' lang='lat' dir='ltr'><strong>DlSSERTATIO.</strong></span> <span class='ocrx_word' id='word_1_2' title='bbox 1074 556 1164 648; x_wconf 82' lang='lat' dir='ltr'><strong>xcvi]</strong></span> 
     </span>
    </p>
   </div>
   <div class='ocr_carea' id='block_1_2' title="bbox 20 675 1169 1946">
    <p class='ocr_par' dir='ltr' id='par_1_2' title="bbox 20 675 1169 1689">
     <span class='ocr_line' id='line_1_2' title="bbox 97 675 1168 767; baseline 0 -27"><span class='ocrx_word' id='word_1_3' title='bbox 97 678 187 767; x_wconf 88' lang='lat' dir='ltr'><strong>plena</strong></span> <span class='ocrx_word' id='word_1_4' title='bbox 205 677 331 740; x_wconf 86' lang='lat' dir='ltr'>robore</span> <span class='ocrx_word' id='word_1_5' title='bbox 348 697 523 764; x_wconf 87' lang='lat' dir='ltr'><strong>responsa,</strong></span> <span class='ocrx_word' id='word_1_6' title='bbox 547 699 620 763; x_wconf 85' lang='lat' dir='ltr'><strong>quae</strong></span> <span class='ocrx_word' id='word_1_7' title='bbox 638 698 705 738; x_wconf 91' lang='lat' dir='ltr'><strong>nno</strong></span> <span class='ocrx_word' id='word_1_8' title='bbox 722 697 805 762; x_wconf 85' lang='lat' dir='ltr'><strong>saepe</strong></span> <span class='ocrx_word' id='word_1_9' title='bbox 824 675 925 738; x_wconf 88' lang='lat' dir='ltr'><strong>verbo</strong></span> <span class='ocrx_word' id='word_1_10' title='bbox 947 676 1168 758; x_wconf 88' lang='lat' dir='ltr'><strong>continentur,</strong></span> 
     </span>
     <span class='ocr_line' id='line_1_3' title="bbox 98 779 1168 863; baseline -0.003 -16"><span class='ocrx_word' id='word_1_11' title='bbox 98 799 144 863; x_wconf 88' lang='lat' dir='ltr'><strong>et,</strong></span> <span class='ocrx_word' id='word_1_12' title='bbox 169 781 418 846; x_wconf 80' lang='lat' dir='ltr'><strong>celebratissimi</strong></span> <span class='ocrx_word' id='word_1_13' title='bbox 444 781 529 845; x_wconf 88' lang='lat' dir='ltr'><strong>illius</strong></span> <span class='ocrx_word' id='word_1_14' title='bbox 561 779 728 845; x_wconf 87' lang='lat' dir='ltr'><strong>laconismi</strong></span> <span class='ocrx_word' id='word_1_15' title='bbox 764 779 881 863; x_wconf 87' lang='lat' dir='ltr'><strong>modo,</strong></span> <span class='ocrx_word' id='word_1_16' title='bbox 914 781 994 844; x_wconf 88' lang='lat' dir='ltr'><strong>mire</strong></span> <span class='ocrx_word' id='word_1_17' title='bbox 1029 780 1070 845; x_wconf 87' lang='lat' dir='ltr'><strong>ad</strong></span> <span class='ocrx_word' id='word_1_18' title='bbox 1102 783 1168 845; x_wconf 83' lang='lat' dir='ltr'><strong>vim</strong></span> 
     </span>
     <span class='ocr_line' id='line_1_4' title="bbox 99 885 1168 974; baseline 0 -22"><span class='ocrx_word' id='word_1_19' title='bbox 99 889 193 952; x_wconf 84' lang='lat' dir='ltr'><strong>animi</strong></span> <span class='ocrx_word' id='word_1_20' title='bbox 214 886 443 952; x_wconf 79' lang='lat' dir='ltr'><strong>declarandam</strong></span> <span class='ocrx_word' id='word_1_21' title='bbox 466 887 591 968; x_wconf 87' lang='lat' dir='ltr'><strong>valent,</strong></span> <span class='ocrx_word' id='word_1_22' title='bbox 612 887 766 966; x_wconf 89' lang='lat' dir='ltr'><strong>majorem</strong></span> <span class='ocrx_word' id='word_1_23' title='bbox 785 886 927 950; x_wconf 87' lang='lat' dir='ltr'><strong>fortuna.</strong></span> <span class='ocrx_word' id='word_1_24' title='bbox 950 887 1016 951; x_wconf 85' lang='lat' dir='ltr'><strong>Illae</strong></span> <span class='ocrx_word' id='word_1_25' title='bbox 1037 885 1168 974; x_wconf 88' lang='lat' dir='ltr'><strong>quidem</strong></span> 
     </span>
     <span class='ocr_line' id='line_1_5' title="bbox 20 983 1168 1082; baseline 0 -26"><span class='ocrx_word' id='word_1_26' title='bbox 20 1031 21 1080; x_wconf 74' lang='lat'>3</span> <span class='ocrx_word' id='word_1_27' title='bbox 100 983 234 1056; x_wconf 78' lang='lat' dir='ltr'><strong>concisae</strong></span> <span class='ocrx_word' id='word_1_28' title='bbox 254 1007 288 1056; x_wconf 89' lang='lat' dir='ltr'><strong>ct</strong></span> <span class='ocrx_word' id='word_1_29' title='bbox 302 991 450 1079; x_wconf 86' lang='lat' dir='ltr'><strong>abruptae</strong></span> <span class='ocrx_word' id='word_1_30' title='bbox 468 988 596 1054; x_wconf 86' lang='lat' dir='ltr'><strong>dicendi</strong></span> <span class='ocrx_word' id='word_1_31' title='bbox 614 991 725 1055; x_wconf 81' lang='lat' dir='ltr'><strong>formae</strong></span> <span class='ocrx_word' id='word_1_32' title='bbox 745 990 832 1078; x_wconf 90' lang='lat' dir='ltr'><strong>apud</strong></span> <span class='ocrx_word' id='word_1_33' title='bbox 845 990 974 1055; x_wconf 88' lang='lat' dir='ltr'><strong>Graecos</strong></span> <span class='ocrx_word' id='word_1_34' title='bbox 992 1014 1059 1055; x_wconf 90' lang='lat' dir='ltr'><strong>non</strong></span> <span class='ocrx_word' id='word_1_35' title='bbox 1076 1015 1168 1082; x_wconf 87' lang='lat' dir='ltr'><strong>repe·</strong></span> 
     </span>
     <span class='ocr_line' id='line_1_6' title="bbox 20 1095 1168 1185; baseline 0 -23"><span class='ocrx_word' id='word_1_36' title='bbox 20 1115 21 1184; x_wconf 45' lang='grc' dir='ltr'>ᾗ</span> <span class='ocrx_word' id='word_1_37' title='bbox 100 1099 242 1173; x_wconf 86' lang='lat' dir='ltr'><strong>n&#39;untur,</strong></span> <span class='ocrx_word' id='word_1_38' title='bbox 263 1119 349 1185; x_wconf 90' lang='lat' dir='ltr'><strong>quos</strong></span> <span class='ocrx_word' id='word_1_39' title='bbox 370 1119 486 1185; x_wconf 88' lang='lat' dir='ltr'><strong>parum</strong></span> <span class='ocrx_word' id='word_1_40' title='bbox 502 1096 637 1176; x_wconf 87' lang='lat' dir='ltr'><strong>juvisset</strong></span> <span class='ocrx_word' id='word_1_41' title='bbox 649 1095 839 1160; x_wconf 87' lang='lat' dir='ltr'><strong>adumbrata</strong></span> <span class='ocrx_word' id='word_1_42' title='bbox 860 1095 1022 1184; x_wconf 75' lang='lat' dir='ltr'><strong>Spartanae</strong></span> <span class='ocrx_word' id='word_1_43' title='bbox 1041 1097 1168 1162; x_wconf 81' lang='lat' dir='ltr'><strong>ferociae</strong></span> 
     </span>
     <span class='ocr_line' id='line_1_7' title="bbox 20 1199 1169 1291; baseline 0.002 -25"><span class='ocrx_word' id='word_1_44' title='bbox 20 1199 21 1284; x_wconf 82' lang='lat' dir='ltr'>j</span> <span class='ocrx_word' id='word_1_45' title='bbox 101 1205 222 1291; x_wconf 83' lang='lat' dir='ltr'><strong>imago;</strong></span> <span class='ocrx_word' id='word_1_46' title='bbox 239 1201 299 1266; x_wconf 86' lang='lat' dir='ltr'><strong>sed</strong></span> <span class='ocrx_word' id='word_1_47' title='bbox 315 1224 368 1266; x_wconf 84' lang='lat' dir='ltr'><strong>eas</strong></span> <span class='ocrx_word' id='word_1_48' title='bbox 389 1203 553 1289; x_wconf 77' lang='lat' dir='ltr'><strong>arripuere</strong></span> <span class='ocrx_word' id='word_1_49' title='bbox 570 1216 723 1266; x_wconf 80' lang='lat' dir='ltr'><strong>etscenae</strong></span> <span class='ocrx_word' id='word_1_50' title='bbox 740 1201 879 1266; x_wconf 88' lang='lat' dir='ltr'><strong>intulere</strong></span> <span class='ocrx_word' id='word_1_51' title='bbox 897 1203 1109 1284; x_wconf 88' lang='lat' dir='ltr'><strong>recentiores,</strong></span> <span class='ocrx_word' id='word_1_52' title='bbox 1127 1203 1169 1268; x_wconf 90' lang='lat' dir='ltr'><strong>ad</strong></span> 
     </span>
     <span class='ocr_line' id='line_1_8' title="bbox 102 1305 1168 1396; baseline 0.002 -24"><span class='ocrx_word' id='word_1_53' title='bbox 102 1309 316 1372; x_wconf 87' lang='lat' dir='ltr'><strong>imitationem</strong></span> <span class='ocrx_word' id='word_1_54' title='bbox 335 1309 480 1388; x_wconf 70' lang='lat' dir='ltr'><strong>Senecas,</strong></span> <span class='ocrx_word' id='word_1_55' title='bbox 503 1322 543 1369; x_wconf 91' lang='lat' dir='ltr'><strong>nt</strong></span> <span class='ocrx_word' id='word_1_56' title='bbox 567 1305 724 1370; x_wconf 82' lang='lat' dir='ltr'><strong>nonnulla</strong></span> <span class='ocrx_word' id='word_1_57' title='bbox 743 1307 820 1389; x_wconf 90' lang='lat' dir='ltr'><strong>alia,</strong></span> <span class='ocrx_word' id='word_1_58' title='bbox 843 1309 1047 1396; x_wconf 85' lang='lat' dir='ltr'><strong>compositas.</strong></span> <span class='ocrx_word' id='word_1_59' title='bbox 1068 1309 1168 1389; x_wconf 86' lang='lat' dir='ltr'><strong>Cujus</strong></span> 
     </span>
     <span class='ocr_line' id='line_1_9' title="bbox 104 1409 1168 1504; baseline 0.001 -26"><span class='ocrx_word' id='word_1_60' title='bbox 104 1430 147 1478; x_wconf 76' lang='lat' dir='ltr'><strong>est</strong></span> <span class='ocrx_word' id='word_1_61' title='bbox 162 1414 295 1504; x_wconf 86' lang='lat' dir='ltr'><strong>generis</strong></span> <span class='ocrx_word' id='word_1_62' title='bbox 313 1435 378 1476; x_wconf 84' lang='lat' dir='ltr'><strong>vox</strong></span> <span class='ocrx_word' id='word_1_63' title='bbox 393 1412 543 1500; x_wconf 80' lang='lat' dir='ltr'><strong>Thyestis</strong></span> <span class='ocrx_word' id='word_1_64' title='bbox 562 1409 662 1476; x_wconf 89' lang='lat' dir='ltr'><strong>modo</strong></span> <span class='ocrx_word' id='word_1_65' title='bbox 680 1412 791 1492; x_wconf 87' lang='lat' dir='ltr'><strong>citata,</strong></span> <span class='ocrx_word' id='word_1_66' title='bbox 809 1436 947 1501; x_wconf 81' lang='lat' dir='ltr'><strong>agnosco</strong></span> <span class='ocrx_word' id='word_1_67' title='bbox 951 1411 1105 1500; x_wconf 81' lang='lat' dir='ltr'><strong>fratrem.</strong></span> <span class='ocrx_word' id='word_1_68' title='bbox 1129 1417 1168 1479; x_wconf 90' lang='lat' dir='ltr'><strong>ln</strong></span> 
     </span>
     <span class='ocr_line' id='line_1_10' title="bbox 102 1516 1169 1609; baseline 0.001 -26"><span class='ocrx_word' id='word_1_69' title='bbox 102 1518 239 1583; x_wconf 78' lang='lat' dir='ltr'><strong>Hercule</strong></span> <span class='ocrx_word' id='word_1_70' title='bbox 255 1518 407 1601; x_wconf 82' lang='lat' dir='ltr'><strong>furente,</strong></span> <span class='ocrx_word' id='word_1_71' title='bbox 425 1539 528 1605; x_wconf 91' lang='lat' dir='ltr'><strong>quum</strong></span> <span class='ocrx_word' id='word_1_72' title='bbox 547 1518 653 1605; x_wconf 80' lang='lat' dir='ltr'><strong>Lycus</strong></span> <span class='ocrx_word' id='word_1_73' title='bbox 671 1516 834 1606; x_wconf 81' lang='lat' dir='ltr'><strong>Megaram</strong></span> <span class='ocrx_word' id='word_1_74' title='bbox 849 1519 968 1584; x_wconf 85' lang='lat' dir='ltr'><strong>frustra</strong></span> <span class='ocrx_word' id='word_1_75' title='bbox 985 1517 1025 1584; x_wconf 91' lang='lat' dir='ltr'><strong>ad</strong></span> <span class='ocrx_word' id='word_1_76' title='bbox 1041 1521 1169 1609; x_wconf 86' lang='lat' dir='ltr'><strong>nuptias</strong></span> 
     </span>
     <span class='ocr_line' id='line_1_11' title="bbox 104 1623 590 1689; baseline 0 -1"><span class='ocrx_word' id='word_1_77' title='bbox 104 1624 302 1689; x_wconf 75' lang='lat' dir='ltr'><strong>invitaverit:</strong></span> <span class='ocrx_word' id='word_1_78' title='bbox 586 1623 590 1630; x_wconf 82' lang='grc'><strong>’</strong></span> 
     </span>
    </p>

    <p class='ocr_par' dir='ltr' id='par_1_3' title="bbox 239 1783 991 1862">
     <span class='ocr_line' id='line_1_12' title="bbox 239 1783 991 1862; baseline 0.005 -24"><span class='ocrx_word' id='word_1_79' title='bbox 239 1783 333 1839; x_wconf 77' lang='lat' dir='ltr'><strong>Effare</strong></span> <span class='ocrx_word' id='word_1_80' title='bbox 344 1785 468 1858; x_wconf 88' lang='lat' dir='ltr'><strong>(inquit),</strong></span> <span class='ocrx_word' id='word_1_81' title='bbox 489 1787 611 1844; x_wconf 74' lang='lat' dir='ltr'><strong>thalamis</strong></span> <span class='ocrx_word' id='word_1_82' title='bbox 624 1788 698 1862; x_wconf 88' lang='lat' dir='ltr'><strong>qnod</strong></span> <span class='ocrx_word' id='word_1_83' title='bbox 712 1787 788 1842; x_wconf 79' lang='lat' dir='ltr'><strong>noris</strong></span> <span class='ocrx_word' id='word_1_84' title='bbox 799 1786 888 1859; x_wconf 89' lang='lat' dir='ltr'><strong>potius</strong></span> <span class='ocrx_word' id='word_1_85' title='bbox 901 1805 991 1858; x_wconf 84' lang='lat' dir='ltr'><strong>parem</strong></span> 
     </span>
    </p>

    <p class='ocr_par' dir='ltr' id='par_1_4' title="bbox 241 1873 469 1946">
     <span class='ocr_line' id='line_1_13' title="bbox 241 1873 469 1946; baseline 0.013 -20"><span class='ocrx_word' id='word_1_86' title='bbox 241 1873 342 1946; x_wconf 77' lang='lat' dir='ltr'><strong>Regtls</strong></span> <span class='ocrx_word' id='word_1_87' title='bbox 352 1875 469 1929; x_wconf 80' lang='lat' dir='ltr'><strong>munus?</strong></span> 
     </span>
    </p>
   </div>
   <div class='ocr_carea' id='block_1_3' title="bbox 105 2009 308 2075">
    <p class='ocr_par' dir='ltr' id='par_1_5' title="bbox 105 2009 308 2075">
     <span class='ocr_line' id='line_1_14' title="bbox 105 2009 308 2075; baseline 0.01 -2"><span class='ocrx_word' id='word_1_88' title='bbox 105 2009 156 2074; x_wconf 85' lang='lat' dir='ltr'><strong>Illa</strong></span> <span class='ocrx_word' id='word_1_89' title='bbox 172 2025 285 2075; x_wconf 88' lang='lat' dir='ltr'><strong>autem</strong></span> <span class='ocrx_word' id='word_1_90' title='bbox 300 2033 308 2075; x_wconf 89' lang='lat'><strong>:</strong></span> 
     </span>
    </p>
   </div>
   <div class='ocr_carea' id='block_1_4' title="bbox 333 2155 774 2219">
    <p class='ocr_par' dir='ltr' id='par_1_6' title="bbox 333 2155 774 2219">
     <span class='ocr_line' id='line_1_15' title="bbox 333 2155 774 2219; baseline 0.016 -15"><span class='ocrx_word' id='word_1_91' title='bbox 333 2155 386 2205; x_wconf 77' lang='lat' dir='ltr'><strong>Ant</strong></span> <span class='ocrx_word' id='word_1_92' title='bbox 399 2165 470 2207; x_wconf 79' lang='lat' dir='ltr'><strong>turm</strong></span> <span class='ocrx_word' id='word_1_93' title='bbox 484 2161 613 2219; x_wconf 83' lang='lat' dir='ltr'><strong>nto&#39;rtem,</strong></span> <span class='ocrx_word' id='word_1_94' title='bbox 623 2169 669 2211; x_wconf 87' lang='lat' dir='ltr'><strong>snt</strong></span> <span class='ocrx_word' id='word_1_95' title='bbox 679 2174 774 2211; x_wconf 82' lang='lat' dir='ltr'><strong>msam.</strong></span> 
     </span>
    </p>
   </div>
   <div class='ocr_carea' id='block_1_5' title="bbox 107 2303 1170 2502">
    <p class='ocr_par' dir='ltr' id='par_1_7' title="bbox 107 2303 1170 2502">
     <span class='ocr_line' id='line_1_16' title="bbox 107 2303 1170 2396; baseline 0.006 -30"><span class='ocrx_word' id='word_1_96' title='bbox 107 2304 142 2366; x_wconf 94' lang='lat' dir='ltr'><strong>ln</strong></span> <span class='ocrx_word' id='word_1_97' title='bbox 156 2303 288 2386; x_wconf 73' lang='lat' dir='ltr'><strong>Medea,</strong></span> <span class='ocrx_word' id='word_1_98' title='bbox 306 2327 418 2369; x_wconf 88' lang='lat' dir='ltr'><strong>secum</strong></span> <span class='ocrx_word' id='word_1_99' title='bbox 436 2304 592 2371; x_wconf 88' lang='lat' dir='ltr'><strong>deliberat</strong></span> <span class='ocrx_word' id='word_1_100' title='bbox 608 2307 735 2372; x_wconf 90' lang='lat' dir='ltr'><strong>Jasonis</strong></span> <span class='ocrx_word' id='word_1_101' title='bbox 756 2330 851 2391; x_wconf 88' lang='lat' dir='ltr'><strong>uxor,</strong></span> <span class='ocrx_word' id='word_1_102' title='bbox 879 2331 943 2396; x_wconf 88' lang='lat' dir='ltr'><strong>qna</strong></span> <span class='ocrx_word' id='word_1_103' title='bbox 961 2324 1028 2374; x_wconf 88' lang='lat' dir='ltr'><strong>arte</strong></span> <span class='ocrx_word' id='word_1_104' title='bbox 1045 2331 1114 2374; x_wconf 87' lang='lat' dir='ltr'><strong>sese</strong></span> <span class='ocrx_word' id='word_1_105' title='bbox 1129 2307 1170 2372; x_wconf 91' lang='lat' dir='ltr'><strong>ab</strong></span> 
     </span>
     <span class='ocr_line' id='line_1_17' title="bbox 108 2407 985 2502; baseline 0.006 -29"><span class='ocrx_word' id='word_1_106' title='bbox 108 2407 201 2474; x_wconf 89' lang='lat' dir='ltr'><strong>infido</strong></span> <span class='ocrx_word' id='word_1_107' title='bbox 216 2409 360 2499; x_wconf 82' lang='lat' dir='ltr'><strong>conjuge</strong></span> <span class='ocrx_word' id='word_1_108' title='bbox 373 2410 524 2476; x_wconf 86' lang='lat' dir='ltr'><strong>vindicet.</strong></span> <span class='ocrx_word' id='word_1_109' title='bbox 543 2411 653 2476; x_wconf 88' lang='lat' dir='ltr'><strong>Varias</strong></span> <span class='ocrx_word' id='word_1_110' title='bbox 670 2429 840 2478; x_wconf 87' lang='lat' dir='ltr'><strong>enumerat</strong></span> <span class='ocrx_word' id='word_1_111' title='bbox 853 2435 985 2502; x_wconf 87' lang='lat' dir='ltr'><strong>poenas:</strong></span> 
     </span>
    </p>
   </div>
   <div class='ocr_carea' id='block_1_6' title="bbox 240 2571 898 3176">
    <p class='ocr_par' dir='ltr' id='par_1_8' title="bbox 247 2571 784 2646">
     <span class='ocr_line' id='line_1_18' title="bbox 247 2571 784 2646; baseline 0.002 -18"><span class='ocrx_word' id='word_1_112' title='bbox 247 2608 329 2628; x_wconf 88' lang='grc'><strong>.....</strong></span> <span class='ocrx_word' id='word_1_113' title='bbox 342 2573 392 2626; x_wconf 87' lang='lat' dir='ltr'><strong>Per</strong></span> <span class='ocrx_word' id='word_1_114' title='bbox 404 2571 484 2627; x_wconf 85' lang='lat' dir='ltr'><strong>nrbes</strong></span> <span class='ocrx_word' id='word_1_115' title='bbox 494 2586 564 2629; x_wconf 81' lang='lat' dir='ltr'><strong>erret</strong></span> <span class='ocrx_word' id='word_1_116' title='bbox 575 2573 676 2643; x_wconf 75' lang='lat' dir='ltr'><strong>ignotas</strong></span> <span class='ocrx_word' id='word_1_117' title='bbox 691 2593 784 2646; x_wconf 70' lang='lat' dir='ltr'><strong>egens,</strong></span> 
     </span>
    </p>

    <p class='ocr_par' dir='ltr' id='par_1_9' title="bbox 241 2661 788 2732">
     <span class='ocr_line' id='line_1_19' title="bbox 241 2661 788 2732; baseline 0.002 -17"><span class='ocrx_word' id='word_1_118' title='bbox 241 2661 327 2715; x_wconf 84' lang='lat' dir='ltr'><strong>Exsul</strong></span> <span class='ocrx_word' id='word_1_119' title='bbox 339 2700 347 2726; x_wconf 89' lang='lat'><strong>,</strong></span> <span class='ocrx_word' id='word_1_120' title='bbox 357 2679 469 2732; x_wconf 77' lang='lat' dir='ltr'><strong>pavens,</strong></span> <span class='ocrx_word' id='word_1_121' title='bbox 478 2661 598 2727; x_wconf 83' lang='lat' dir='ltr'><strong>invisus,</strong></span> <span class='ocrx_word' id='word_1_122' title='bbox 612 2661 707 2716; x_wconf 84' lang='lat' dir='ltr'><strong>incerti</strong></span> <span class='ocrx_word' id='word_1_123' title='bbox 718 2663 788 2717; x_wconf 81' lang='lat' dir='ltr'><strong>laris</strong></span> 
     </span>
    </p>

    <p class='ocr_par' dir='ltr' id='par_1_10' title="bbox 240 2749 898 3176">
     <span class='ocr_line' id='line_1_20' title="bbox 241 2749 898 2823; baseline 0.003 -21"><span class='ocrx_word' id='word_1_124' title='bbox 241 2750 289 2802; x_wconf 81' lang='lat' dir='ltr'><strong>tte</strong></span> <span class='ocrx_word' id='word_1_125' title='bbox 298 2751 439 2821; x_wconf 79' lang='lat' dir='ltr'><strong>conjugem</strong></span> <span class='ocrx_word' id='word_1_126' title='bbox 452 2761 543 2822; x_wconf 85' lang='lat' dir='ltr'><strong>optet;</strong></span> <span class='ocrx_word' id='word_1_127' title='bbox 554 2751 636 2803; x_wconf 89' lang='lat' dir='ltr'><strong>limen</strong></span> <span class='ocrx_word' id='word_1_128' title='bbox 649 2749 766 2804; x_wconf 73' lang='lat' dir='ltr'><strong>alienum</strong></span> <span class='ocrx_word' id='word_1_129' title='bbox 780 2763 898 2823; x_wconf 81' lang='lat' dir='ltr'><strong>expetat,</strong></span> 
     </span>
     <span class='ocr_line' id='line_1_21' title="bbox 240 2836 888 2912; baseline 0.005 -22"><span class='ocrx_word' id='word_1_130' title='bbox 240 2837 304 2890; x_wconf 85' lang='lat' dir='ltr'><strong>Jam</strong></span> <span class='ocrx_word' id='word_1_131' title='bbox 314 2848 392 2890; x_wconf 88' lang='lat' dir='ltr'><strong>notus</strong></span> <span class='ocrx_word' id='word_1_132' title='bbox 400 2836 512 2908; x_wconf 83' lang='lat' dir='ltr'><strong>hospes:</strong></span> <span class='ocrx_word' id='word_1_133' title='bbox 528 2856 637 2910; x_wconf 90' lang='lat' dir='ltr'><strong>quoqne</strong></span> <span class='ocrx_word' id='word_1_134' title='bbox 646 2857 700 2893; x_wconf 90' lang='lat' dir='ltr'><strong>non</strong></span> <span class='ocrx_word' id='word_1_135' title='bbox 711 2838 785 2892; x_wconf 80' lang='lat' dir='ltr'><strong>aliud</strong></span> <span class='ocrx_word' id='word_1_136' title='bbox 794 2857 888 2912; x_wconf 79' lang='lat' dir='ltr'><strong>queem</strong></span> 
     </span>
     <span class='ocr_line' id='line_1_22' title="bbox 242 2925 775 3002; baseline 0.006 -24"><span class='ocrx_word' id='word_1_137' title='bbox 242 2925 324 2999; x_wconf 86' lang='lat' dir='ltr'><strong>Pejus</strong></span> <span class='ocrx_word' id='word_1_138' title='bbox 338 2929 456 2998; x_wconf 84' lang='lat' dir='ltr'><strong>precari,</strong></span> <span class='ocrx_word' id='word_1_139' title='bbox 469 2928 567 2982; x_wconf 86' lang='lat' dir='ltr'><strong>liberos</strong></span> <span class='ocrx_word' id='word_1_140' title='bbox 580 2929 681 2983; x_wconf 89' lang='lat' dir='ltr'><strong>similes</strong></span> <span class='ocrx_word' id='word_1_141' title='bbox 692 2929 775 3002; x_wconf 74' lang='lat' dir='ltr'><strong>patri,</strong></span> 
     </span>
     <span class='ocr_line' id='line_1_23' title="bbox 241 3015 886 3091; baseline 0.011 -24"><span class='ocrx_word' id='word_1_142' title='bbox 241 3015 401 3088; x_wconf 82' lang='lat' dir='ltr'><strong>similesque</strong></span> <span class='ocrx_word' id='word_1_143' title='bbox 409 3017 497 3070; x_wconf 84' lang='lat' dir='ltr'><strong>matri.</strong></span> <span class='ocrx_word' id='word_1_144' title='bbox 507 3017 584 3072; x_wconf 82' lang='lat' dir='ltr'><strong>Parta</strong></span> <span class='ocrx_word' id='word_1_145' title='bbox 591 3019 662 3091; x_wconf 73' lang='lat' dir='ltr'><strong>jam,</strong></span> <span class='ocrx_word' id='word_1_146' title='bbox 674 3030 749 3091; x_wconf 82' lang='lat' dir='ltr'><strong>parta</strong></span> <span class='ocrx_word' id='word_1_147' title='bbox 761 3018 828 3072; x_wconf 88' lang='lat' dir='ltr'><strong>ultio</strong></span> <span class='ocrx_word' id='word_1_148' title='bbox 839 3033 886 3074; x_wconf 86' lang='lat' dir='ltr'><strong>est.</strong></span> 
     </span>
     <span class='ocr_line' id='line_1_24' title="bbox 242 3104 348 3176; baseline -0.009 -19"><span class='ocrx_word' id='word_1_149' title='bbox 242 3104 348 3176; x_wconf 82' lang='lat' dir='ltr'><strong>Peperi.</strong></span> 
     </span>
    </p>
   </div>
   <div class='ocr_carea' id='block_1_7' title="bbox 113 3260 1175 4187">
    <p class='ocr_par' dir='ltr' id='par_1_11' title="bbox 113 3260 1175 4187">
     <span class='ocr_line' id='line_1_25' title="bbox 113 3260 1173 3354; baseline 0.009 -30"><span class='ocrx_word' id='word_1_150' title='bbox 113 3263 210 3349; x_wconf 83' lang='lat' dir='ltr'><strong>Digna</strong></span> <span class='ocrx_word' id='word_1_151' title='bbox 234 3260 306 3326; x_wconf 86' lang='lat' dir='ltr'><strong>haec</strong></span> <span class='ocrx_word' id='word_1_152' title='bbox 331 3261 462 3344; x_wconf 88' lang='lat' dir='ltr'><strong>ultima,</strong></span> <span class='ocrx_word' id='word_1_153' title='bbox 484 3285 556 3350; x_wconf 84' lang='lat' dir='ltr'><strong>qnoe</strong></span> <span class='ocrx_word' id='word_1_154' title='bbox 578 3262 792 3348; x_wconf 72' lang='lat' dir='ltr'><strong>admiremur,</strong></span> <span class='ocrx_word' id='word_1_155' title='bbox 819 3265 876 3330; x_wconf 88' lang='lat' dir='ltr'><strong>sed</strong></span> <span class='ocrx_word' id='word_1_156' title='bbox 896 3267 1063 3354; x_wconf 84' lang='lat' dir='ltr'><strong>superiora</strong></span> <span class='ocrx_word' id='word_1_157' title='bbox 1084 3267 1173 3334; x_wconf 90' lang='lat' dir='ltr'><strong>inani</strong></span> 
     </span>
     <span class='ocr_line' id='line_1_26' title="bbox 113 3365 1174 3462; baseline 0.011 -34"><span class='ocrx_word' id='word_1_158' title='bbox 113 3365 339 3431; x_wconf 84' lang='lat' dir='ltr'><strong>declamatione</strong></span> <span class='ocrx_word' id='word_1_159' title='bbox 361 3383 501 3434; x_wconf 89' lang='lat' dir='ltr'><strong>tument.</strong></span> <span class='ocrx_word' id='word_1_160' title='bbox 524 3369 600 3434; x_wconf 93' lang='lat' dir='ltr'><strong>Non</strong></span> <span class='ocrx_word' id='word_1_161' title='bbox 619 3368 729 3453; x_wconf 87' lang='lat' dir='ltr'><strong>decet,</strong></span> <span class='ocrx_word' id='word_1_162' title='bbox 750 3393 823 3460; x_wconf 85' lang='lat' dir='ltr'><strong>qnae</strong></span> <span class='ocrx_word' id='word_1_163' title='bbox 841 3371 991 3437; x_wconf 80' lang='lat' dir='ltr'><strong>violatam</strong></span> <span class='ocrx_word' id='word_1_164' title='bbox 1013 3395 1031 3435; x_wconf 93' lang='lat' dir='ltr'><strong>a</strong></span> <span class='ocrx_word' id='word_1_165' title='bbox 1054 3395 1174 3462; x_wconf 86' lang='lat' dir='ltr'><strong>sponso</strong></span> 
     </span>
     <span class='ocr_line' id='line_1_27' title="bbox 113 3470 1174 3565; baseline 0.011 -31"><span class='ocrx_word' id='word_1_166' title='bbox 113 3470 202 3536; x_wconf 87' lang='lat' dir='ltr'><strong>fidem</strong></span> <span class='ocrx_word' id='word_1_167' title='bbox 218 3473 377 3560; x_wconf 83' lang='lat' dir='ltr'><strong>queritur,</strong></span> <span class='ocrx_word' id='word_1_168' title='bbox 394 3495 464 3537; x_wconf 87' lang='lat' dir='ltr'><strong>eam</strong></span> <span class='ocrx_word' id='word_1_169' title='bbox 483 3472 524 3537; x_wconf 92' lang='lat' dir='ltr'><strong>de</strong></span> <span class='ocrx_word' id='word_1_170' title='bbox 540 3497 574 3538; x_wconf 87' lang='lat' dir='ltr'><strong>se</strong></span> <span class='ocrx_word' id='word_1_171' title='bbox 589 3475 658 3564; x_wconf 89' lang='lat' dir='ltr'><strong>ipsa</strong></span> <span class='ocrx_word' id='word_1_172' title='bbox 674 3477 718 3540; x_wconf 87' lang='lat' dir='ltr'><strong>ita</strong></span> <span class='ocrx_word' id='word_1_173' title='bbox 732 3477 840 3564; x_wconf 91' lang='lat' dir='ltr'><strong>loqui,</strong></span> <span class='ocrx_word' id='word_1_174' title='bbox 858 3493 895 3541; x_wconf 89' lang='lat' dir='ltr'><strong>ut</strong></span> <span class='ocrx_word' id='word_1_175' title='bbox 910 3479 1061 3565; x_wconf 75' lang='lat' dir='ltr'><strong>nequitias</strong></span> <span class='ocrx_word' id='word_1_176' title='bbox 1080 3503 1174 3546; x_wconf 91' lang='lat' dir='ltr'><strong>mon-</strong></span> 
     </span>
     <span class='ocr_line' id='line_1_28' title="bbox 115 3575 1175 3672; baseline 0.011 -33"><span class='ocrx_word' id='word_1_177' title='bbox 115 3593 211 3640; x_wconf 88' lang='lat' dir='ltr'><strong>strum</strong></span> <span class='ocrx_word' id='word_1_178' title='bbox 222 3575 355 3666; x_wconf 89' lang='lat' dir='ltr'><strong>aliquod</strong></span> <span class='ocrx_word' id='word_1_179' title='bbox 364 3593 397 3642; x_wconf 90' lang='lat' dir='ltr'><strong>et</strong></span> <span class='ocrx_word' id='word_1_180' title='bbox 410 3595 598 3667; x_wconf 87' lang='lat' dir='ltr'><strong>portentum</strong></span> <span class='ocrx_word' id='word_1_181' title='bbox 610 3580 766 3648; x_wconf 87' lang='lat' dir='ltr'><strong>videatur.</strong></span> <span class='ocrx_word' id='word_1_182' title='bbox 781 3583 918 3672; x_wconf 83' lang='lat' dir='ltr'><strong>Egregia</strong></span> <span class='ocrx_word' id='word_1_183' title='bbox 929 3606 1005 3648; x_wconf 91' lang='lat' dir='ltr'><strong>sane</strong></span> <span class='ocrx_word' id='word_1_184' title='bbox 1017 3601 1049 3651; x_wconf 88' lang='lat' dir='ltr'><strong>et</strong></span> <span class='ocrx_word' id='word_1_185' title='bbox 1061 3585 1175 3652; x_wconf 87' lang='lat' dir='ltr'><strong>firmis·</strong></span> 
     </span>
     <span class='ocr_line' id='line_1_29' title="bbox 113 3681 1173 3776; baseline 0.013 -33"><span class='ocrx_word' id='word_1_186' title='bbox 113 3681 179 3746; x_wconf 87' lang='lat' dir='ltr'><strong>simi</strong></span> <span class='ocrx_word' id='word_1_187' title='bbox 191 3681 524 3773; x_wconf 88' lang='lat' dir='ltr'><strong>confidentissimique</strong></span> <span class='ocrx_word' id='word_1_188' title='bbox 539 3687 640 3752; x_wconf 91' lang='lat' dir='ltr'><strong>animi</strong></span> <span class='ocrx_word' id='word_1_189' title='bbox 653 3687 811 3776; x_wconf 89' lang='lat' dir='ltr'><strong>interpres</strong></span> <span class='ocrx_word' id='word_1_190' title='bbox 823 3689 856 3752; x_wconf 94' lang='lat' dir='ltr'><strong>in</strong></span> <span class='ocrx_word' id='word_1_191' title='bbox 870 3688 1014 3755; x_wconf 90' lang='lat' dir='ltr'><strong>secundo</strong></span> <span class='ocrx_word' id='word_1_192' title='bbox 1028 3693 1173 3773; x_wconf 88' lang='lat' dir='ltr'><strong>ejusdem</strong></span> 
     </span>
     <span class='ocr_line' id='line_1_30' title="bbox 114 3789 1174 3883; baseline 0.011 -32"><span class='ocrx_word' id='word_1_193' title='bbox 114 3789 266 3877; x_wconf 75' lang='lat' dir='ltr'><strong>nagoediae</strong></span> <span class='ocrx_word' id='word_1_194' title='bbox 277 3807 354 3855; x_wconf 81' lang='lat' dir='ltr'><strong>ectu</strong></span> <span class='ocrx_word' id='word_1_195' title='bbox 364 3813 428 3854; x_wconf 82' lang='lat' dir='ltr'><strong>vox</strong></span> <span class='ocrx_word' id='word_1_196' title='bbox 440 3793 599 3874; x_wconf 88' lang='lat' dir='ltr'><strong>occurrit,</strong></span> <span class='ocrx_word' id='word_1_197' title='bbox 617 3815 720 3880; x_wconf 89' lang='lat' dir='ltr'><strong>quum</strong></span> <span class='ocrx_word' id='word_1_198' title='bbox 732 3795 859 3859; x_wconf 89' lang='lat' dir='ltr'><strong>nutrice</strong></span> <span class='ocrx_word' id='word_1_199' title='bbox 870 3795 992 3861; x_wconf 75' lang='lat' dir='ltr'><strong>Medeae</strong></span> <span class='ocrx_word' id='word_1_200' title='bbox 1005 3797 1174 3883; x_wconf 85' lang='lat' dir='ltr'><strong>suadente,</strong></span> 
     </span>
     <span class='ocr_line' id='line_1_31' title="bbox 115 3893 1173 3988; baseline 0.015 -33"><span class='ocrx_word' id='word_1_201' title='bbox 115 3909 162 3975; x_wconf 88' lang='lat' dir='ltr'><strong>ut,</strong></span> <span class='ocrx_word' id='word_1_202' title='bbox 177 3897 263 3959; x_wconf 91' lang='lat' dir='ltr'><strong>omni</strong></span> <span class='ocrx_word' id='word_1_203' title='bbox 278 3893 434 3960; x_wconf 89' lang='lat' dir='ltr'><strong>destituta</strong></span> <span class='ocrx_word' id='word_1_204' title='bbox 446 3897 583 3979; x_wconf 79' lang='lat' dir='ltr'><strong>auxilio,</strong></span> <span class='ocrx_word' id='word_1_205' title='bbox 599 3899 695 3964; x_wconf 86' lang='lat' dir='ltr'><strong>tacita</strong></span> <span class='ocrx_word' id='word_1_206' title='bbox 708 3899 859 3980; x_wconf 86' lang='lat' dir='ltr'><strong>injuriam</strong></span> <span class='ocrx_word' id='word_1_207' title='bbox 876 3904 970 3985; x_wconf 85' lang='lat' dir='ltr'><strong>ferat,</strong></span> <span class='ocrx_word' id='word_1_208' title='bbox 988 3920 1020 3969; x_wconf 89' lang='lat' dir='ltr'><strong>et</strong></span> <span class='ocrx_word' id='word_1_209' title='bbox 1032 3903 1173 3988; x_wconf 87' lang='lat' dir='ltr'><strong>dicente,</strong></span> 
     </span>
     <span class='ocr_line' id='line_1_32' title="bbox 388 4027 735 4097; baseline 0.026 -20"><span class='ocrx_word' id='word_1_210' title='bbox 388 4027 512 4097; x_wconf 72' lang='lat' dir='ltr'><strong>Coniugis</strong></span> <span class='ocrx_word' id='word_1_211' title='bbox 521 4027 592 4080; x_wconf 85' lang='lat' dir='ltr'><strong>nulla</strong></span> <span class='ocrx_word' id='word_1_212' title='bbox 605 4042 644 4082; x_wconf 86' lang='lat' dir='ltr'><strong>cst</strong></span> <span class='ocrx_word' id='word_1_213' title='bbox 656 4027 735 4096; x_wconf 79' lang='lat' dir='ltr'><strong>fides,</strong></span> 
     </span>
     <span class='ocr_line' id='line_1_33' title="bbox 241 4114 802 4187; baseline 0.007 -19"><span class='ocrx_word' id='word_1_214' title='bbox 241 4114 371 4185; x_wconf 86' lang='lat' dir='ltr'><strong>Nihilque</strong></span> <span class='ocrx_word' id='word_1_215' title='bbox 381 4126 505 4185; x_wconf 79' lang='lat' dir='ltr'><strong>superest</strong></span> <span class='ocrx_word' id='word_1_216' title='bbox 515 4115 610 4187; x_wconf 88' lang='lat' dir='ltr'><strong>opibus</strong></span> <span class='ocrx_word' id='word_1_217' title='bbox 623 4137 638 4171; x_wconf 90' lang='lat' dir='ltr'><strong>e</strong></span> <span class='ocrx_word' id='word_1_218' title='bbox 651 4119 731 4172; x_wconf 84' lang='lat' dir='ltr'><strong>tantis</strong></span> <span class='ocrx_word' id='word_1_219' title='bbox 741 4117 802 4184; x_wconf 82' lang='lat' dir='ltr'><strong>tibi&#39;,</strong></span> 
     </span>
    </p>
   </div>
   <div class='ocr_carea' id='block_1_8' title="bbox 0 0 1585 5138">
    <p class='ocr_par' dir='ltr' id='par_1_12' title="bbox 0 0 1585 5138">
     <span class='ocr_line' id='line_1_34' title="bbox 0 0 1585 5138; baseline 0 0"><span class='ocrx_word' id='word_1_220' title='bbox 0 0 1585 5138; x_wconf 95' lang='lat' dir='ltr'><strong> </strong></span> 
     </span>
    </p>
   </div>
  </div>
 </body>
</html>
