3118 5138
363 494 418 564 clx
597 493 663 560 DE
691 493 731 560 L.
758 495 948 564 ANNAEO
980 492 1185 563 SENECA

358 675 361 680 ’
463 680 656 744 Dmmmrne
672 680 823 748 Erasinus
837 680 1090 749 Pronnnottnttta
1107 702 1151 744 an
1167 679 1319 752 Sancta

771 785 1017 850 Pmuoaoraou.

403 940 538 1030 Ingenio
555 939 639 1004 facili
654 941 858 1029 versatilique
874 941 974 1005 fuisse
988 941 1148 1030 colligitur
1163 941 1257 1024 hinc,
1276 941 1367 1031 quod
1383 944 1418 1008 in

329 1093 331 1098 ,
360 1046 491 1112 diversis
506 1047 702 1135 argumentis
718 1046 838 1136 stylum
852 1047 993 1112 exercuit
1009 1047 1078 1134 pari
1096 1046 1333 1134 propemodum
1350 1069 1423 1114 ruo·

360 1173 467 1217 cessu:
485 1151 573 1240 quod
585 1174 645 1215 nec
653 1153 819 1233 Ciceroni,
833 1147 894 1216 nec
900 1150 1034 1241 Virgilio
1043 1147 1188 1241 contigit¹
1199 1151 1281 1217 Nam
1288 1154 1421 1218 Tacittm

361 1271 592 1320 commemorat
603 1255 687 1318 illius
698 1269 862 1342 poemata,
879 1253 920 1318 de
938 1255 1056 1343 quibua
1073 1256 1231 1338 centiens,
1247 1257 1419 1322 incertum.

362 1364 445 1426 Nam
467 1359 690 1452 tragoediarum
707 1383 789 1449 opus
806 1359 923 1425 eruditi
937 1360 982 1448 (ι)
1001 1360 1132 1449 quidam
1152 1362 1276 1426 malunt
1291 1363 1421 1428 Senecte

362 1464 428 1530 filio
449 1467 607 1547 tribuere,
636 1488 732 1554 quam
751 1465 838 1530 huic.
857 1466 941 1530 Sunt
966 1467 1023 1554 qui
1041 1467 1130 1530 fratri
1151 1467 1279 1532 Senecae
1301 1467 1422 1533 adscri-

362 1573 450 1636 bant.
473 1572 678 1659 Quamquam
693 1571 773 1635 mihi
787 1570 916 1636 videtur
931 1593 1014 1661 opus
1029 1571 1094 1636 hoc
1112 1570 1336 1662 tragaediarum
1352 1596 1420 1638 non

362 1699 431 1742 ecre
447 1677 546 1742 uniua
560 1675 711 1740 hominis.
725 1677 818 1741 Certe
834 1697 873 1740 ex
883 1675 1009 1742 ludicro
1021 1675 1129 1743 libello
1145 1677 1194 1743 De
1207 1692 1313 1744 morta
1328 1678 1422 1745 Clau·

362 1781 423 1862 dii,
453 1781 611 1862 conjicere
634 1779 725 1862 licet,
750 1780 841 1844 illum
865 1779 1117 1868 haudquaquam
1140 1780 1228 1846 iratis
1255 1781 1358 1848 Musis
1388 1801 1422 1850 et

363 1886 508 1974 Apolline
521 1901 681 1952 versatum
699 1885 732 1950 in
747 1884 810 1950 hoc
822 1883 920 1953 studii
933 1905 1067 1973 genere,
1081 1899 1141 1950 etc.

700 2049 784 2112 lnmr
802 2072 835 2114 rr
854 2049 1086 2122 Ciceroniana.

405 2191 487 2278 Age,
503 2211 584 2254 num
595 2189 653 2254 tibi
662 2188 782 2252 Seneca
793 2186 923 2254 videtur
932 2190 1184 2258 Ciceronianus?
1195 2193 1283 2258 Nihil
1294 2195 1421 2272 minus,

362 2294 536 2382 pracsertim
550 2294 584 2356 in
599 2293 744 2357 oratione
754 2293 869 2358 soluta.
882 2292 964 2357 Nam
975 2294 1146 2384 tragaedia,
1158 2319 1230 2386 que
1241 2298 1424 2386 probantur

359 2425 377 2464 a
394 2399 513 2480 doctis,
529 2399 581 2461 vix
593 2395 772 2461 videntura
786 2397 903 2462 Seneca
919 2398 1016 2462 scribi
1030 2400 1181 2487 potuisse

434 2570 544 2633 Limus
561 2565 751 2632 Gnncnnrna
767 2567 936 2632 Grannona
953 2591 995 2632 nn
1011 2567 1128 2633 Ponrrs
1141 2569 1235 2634 Dran.
1243 2571 1335 2637 Vlll.

406 2716 608 2804 Sequebatur
614 2721 755 2778 Annaeus
767 2714 887 2778 Seneca
899 2714 1071 2804 Tragicos,
1083 2717 1199 2803 prioris
1210 2717 1350 2802 Senecae,
1365 2723 1423 2810 qui

361 2825 459 2912 vulgo
475 2821 724 2911 cognominatus
737 2835 786 2884 est
799 2819 945 2904 Moralis,
963 2819 1071 2903 frater,
1087 2821 1138 2886 vel
1148 2822 1265 2911 (utalii
1278 2827 1423 2916 malunt)

363 2929 456 2992 filius.
476 2927 568 2991 Duos
587 2927 672 2990 enim
693 2924 805 2990 eadem
822 2941 914 2990 aetate
937 2926 1073 2990 Senecas
1090 2927 1206 3010 fuisse,
1222 2952 1260 2993 ex
1276 2932 1423 3016 Valerio,

362 3035 506 3098 Martiale
526 3048 559 3096 et
582 3031 716 3096 Sidonio
735 3032 911 3120 Apollinari
927 3033 1036 3096 notius
1059 3049 1125 3116 est,
1153 3056 1251 3123 quam
1269 3051 1307 3100 ut
1326 3037 1360 3100 in
1388 3062 1424 3103 re

363 3155 426 3204 tam
447 3138 614 3202 manifesta
634 3137 787 3226 temporis
807 3134 957 3200 hodierni
975 3137 1121 3226 angustia
1140 3137 1264 3204 abutar.
1283 3141 1423 3208 Taxatus

363 3245 493 3334 quidem
509 3244 599 3335 prior
610 3244 731 3309 Seneca
745 3266 763 3307 a
776 3241 877 3307 Fabio
893 3243 1114 3327 Quintiliano,
1126 3243 1271 3310 modesta
1283 3247 1424 3335 quadam

362 3351 496 3441 Hispani
517 3350 660 3415 hominis
676 3372 830 3431 censura,
849 3371 891 3413 ne
910 3349 1030 3413 scilicet
1045 3348 1080 3414 id
1100 3347 1242 3416 fortassis
1265 3351 1341 3419 odio
1360 3378 1424 3446 po-

362 3456 445 3543 tius,
473 3477 571 3545 quam
589 3454 730 3519 veritatis
747 3450 887 3518 candore
902 3453 1015 3518 fecisse
1032 3451 1216 3520 videratur:
1231 3479 1329 3545 quam
1351 3481 1424 3523 rem

398 3640 438 3708 (t)
452 3639 549 3692 rotant
560 3638 685 3694 noceam
697 3636 837 3692 vinctam
849 3655 905 3690 non
923 3619 1116 3710 tuterapiu.)
1130 3637 1176 3692 aa
1189 3641 1231 3694 τοι
1245 3639 1316 3696 tutu·
1332 3641 1426 3709 trata,

364 3725 511 3780 secundum
523 3727 671 3798 qnondam,
686 3728 745 3792 rel,
756 3729 832 3799 juxta
844 3725 924 3793 alioe,
942 3726 1029 3790 lilim
1050 3729 1141 3781 velex
1158 3727 1238 3782 fiam
1257 3747 1351 3801 nepot.
1369 3733 1425 3798 Qui

363 3815 482 3868 scribam
494 3827 598 3886 poetam
612 3816 685 3870 hunc
703 3815 800 3884 (verba
811 3825 874 3872 runt
885 3813 979 3868 Criniti
993 3815 1027 3870 de
1038 3816 1195 3873 Poctie'laat.
1208 3835 1266 3890 cap.
1278 3818 1327 3887 tt)
1339 3819 1426 3876 filium

365 3903 445 3956 iniere
462 3903 553 3955 Annei
568 3905 686 3970 Seneca,
698 3904 746 3976 qui
763 3904 792 3960 in
808 3902 957 3960 Stoicorum
976 3903 1120 3976 disciplinis
1138 3923 1298 3980 magnopere
1309 3908 1426 3978 ,claruit‚

364 3990 523 4062 conjectoria
536 4001 640 4045 tantum
652 3992 788 4046 nituntur:
805 4009 892 4063 neque
911 3992 982 4046 hanc
1000 4011 1072 4058 mm,
1088 4004 1117 4044 nt
1136 4010 1186 4064 ego
1207 3993 1345 4064 existimo,
1363 3998 1425 4051 ullis

364 4077 516 4130 auctoribnr
526 4089 655 4131 atterunt.
