3070 5158
750 505 804 576 IN
829 505 1142 578 prouulssts

791 721 1067 802 LECTORI.

834 945 1018 975 w·-

444 1119 566 1191 Induxi
581 1123 746 1188 Jocastam
762 1118 824 1185 sibi
839 1141 951 1186 coram
970 1113 1095 1210 populo
1108 1139 1235 1184 manus
1251 1115 1454 1186 inserentem:

397 1255 439 1300 ne
456 1227 586 1299 vultum
605 1227 785 1314 contrahe,
806 1251 867 1295 nec
887 1226 1016 1295 Horatii
1036 1224 1141 1296 telum
1161 1225 1197 1294 in
1217 1251 1277 1294 me
1300 1225 1452 1322 distring.

399 1339 510 1408 Licuit
528 1339 591 1407 hoc
608 1341 759 1423 Senecae,
779 1361 821 1403 ne
844 1335 1038 1430 conquiram
1062 1335 1167 1422 alios,
1192 1336 1231 1403 in
1256 1337 1410 1430 OEdipo‚
1432 1355 1453 1406 et

399 1449 534 1534 Medea,
551 1439 697 1534 necnon,
715 1447 742 1516 si
761 1461 850 1517 recte
870 1447 1029 1533 aestimas,
1046 1447 1081 1516 in
1094 1445 1311 1542 Hippolyt03
1327 1473 1386 1517 cur
1403 1475 1453 1516 non

399 1559 533 1628 etmihi
552 1557 746 1653 tragoediam
767 1560 914 1648 Senecae,
936 1555 987 1625 vel
1005 1557 1035 1624 ei
1054 1556 1267 1651 adscriptam
1288 1557 1456 1653 supplanti?

399 1669 500 1757 Quod
519 1668 545 1737 si
566 1665 640 1736 vilis
658 1667 747 1761 apud
762 1681 793 1736 te
811 1671 941 1738 Senecae
959 1667 1157 1754 auctoritas,
1175 1683 1212 1737 et
1235 1667 1339 1762 plane
1355 1671 1387 1736 in
1401 1674 1455 1737 Ho

400 1780 474 1848 ratii
497 1779 597 1846 verba
619 1778 756 1870 jurasti,
778 1803 820 1845 en
840 1776 948 1846 adhuc
971 1777 1031 1845 tibi
1048 1801 1179 1845 morem
1200 1803 1302 1872 gero.
1327 1775 1457 1872 Intelligr

267 1981 269 1988 y
400 1903 546 1958 extrema
564 1891 704 1957 Jooastae
718 1888 835 1972 verba,
855 1912 924 1955 non
939 1900 978 1955 ut
992 1887 1114 1956 caedem
1129 1887 1353 1974 exhibentia,
1366 1889 1417 1957 sed
1431 1907 1455 1957 ut

399 2023 471 2075 earn
483 1999 633 2093 proxime
647 2012 835 2070 secuturam
849 1997 1288 2092 indicantia3uequeenim
1301 1997 1456 2077 taliasuu,

401 2123 437 2179 ut
457 2108 579 2179 caedem
598 2109 780 2186 necessario
797 2121 1043 2203 repraesentent.

742 2331 1127 2365 u*—

631 2516 843 2584 CHORUS
869 2517 1016 2585 PRlMl
1042 2519 1233 2588 ACTUS.

449 2704 550 2776 Nulla
568 2705 718 2774 concussi
739 2704 845 2772 rabies
864 2703 1041 2798 profundi,

448 2815 619 2908 Naufrago
634 2817 781 2906 AEgaeurn
804 2814 953 2905 rapiente
969 2839 1065 2898 coro,

448 2930 530 2996 Tam
548 2921 736 3019 procelloso
759 2923 936 2992 metuenda
954 2923 1058 2994 fluctu

449 3037 611 3107 Verberat
628 3059 735 3128 prorae
751 3032 836 3102 latus
853 3035 1050 3118 innatantis,

449 3149 531 3216 Atra
551 3168 650 3238 quam
672 3169 757 3214 saevo
778 3141 982 3225 truculenter
999 3159 1079 3214 aestu

450 3255 629 3332 Coracium
652 3268 765 3348 pectus
784 3252 914 3324 sceleris
934 3255 1055 3348 patrati

618 3367 767 3457 Torquet
782 3364 900 3456 imago.

450 3479 529 3548 Nou
550 3499 610 3569 per
628 3473 782 3552 ardentes
800 3473 912 3543 sitiens
930 3497 1069 3560 arenas,
1137 3523 1142 3532 ·

450 3591 520 3658 Aut
538 3585 572 3654 in
595 3583 736 3659 herboso
757 3583 840 3678 pede
857 3608 969 3677 pressa
985 3598 1081 3676 prato

451 3693 595 3768 sibilans
613 3708 706 3767 tanta
722 3693 803 3768 furit
820 3693 939 3788 anguis
959 3694 1007 3766 ira
1025 3720 1032 3761 :

449 3807 527 3874 Non
546 3831 606 3900 per
625 3809 796 3899 Hyrcanos
814 3804 908 3898 tigria
926 3817 998 3887 acta
1017 3803 1137 3892 saltus,

449 3914 512 3987 Vel
532 3915 622 3987 ferox
643 3915 732 3986 orbae
747 3917 850 4009 pietas
870 3913 980 3986 teaenae

430 4027 571 4120 ·ngue
590 4041 756 4122 raptorem
772 4026 926 4120 graviore
948 4023 1067 4120 pulsnt.
