3210 5140
311 491 314 498 -
375 447 441 531 ιιι
659 445 698 512 L.
725 429 902 516 attam
928 445 1144 516 sannen

368 587 531 652 Fructum
545 578 610 666 tui,
629 592 819 674 tactumque
837 593 872 648 et
890 593 1059 678 aspectum
1079 593 1167 675 peto.

369 712 472 759 nnnc.
494 689 564 757 Cur
585 686 728 756 animam
747 687 781 754 in
799 686 861 756 ista
878 683 952 755 luce
970 685 1135 755 detineam
1154 683 1312 781 amplius,

366 798 566 888 Morerqm,
581 789 662 860 nihil
681 806 731 862 est
748 817 756 858 :
776 806 895 862 cuneta
913 792 982 886 jam
1003 793 1097 862 amisi
1116 793 1222 880 bona,
1590 849 1591 878 q

368 905 536 982 Mentem,
553 917 662 996 arma,
681 897 825 984 samam,
837 898 1030 993 conjugem,
1049 912 1163 985 natos,
1181 923 1311 986 manua,
1382 932 1433 972 „aa
1586 886 1592 943 ἵ

368 1009 477 1080 Etiam
497 1005 654 1074 furorem.
672 1005 782 1074 Nemo
800 1001 928 1098 polluto
945 1018 1046 1098 queat
1223 1007 1225 1020 '

368 1115 489 1184 Animo
512 1110 658 1180 mederi:
677 1124 784 1180 morte
805 1110 987 1180 sanandum
1010 1125 1060 1180 est
1079 1110 1196 1182 scelus.

369 1214 1068 1312 aarnPerimesparentemrnmctacere
1077 1242 1119 1286 ne
1127 1219 1263 1312 possim,
1271 1220 1430 1290 occidam.

368 1347 482 1396 notra.
499 1323 659 1394 Genitore
676 1319 814 1392 coram?
829 1345 933 1391 nnnc.
948 1323 1095 1392 Cernere
1111 1324 1201 1394 hunc
1215 1325 1315 1394 docui
1329 1327 1429 1397 nefas.

245 1437 256 1455 '
367 1453 482 1504 amen.
497 1427 716 1501 Memoranda
730 1427 841 1523 potius
856 1427 1009 1498 omnibus
1024 1429 1111 1500 facta
1124 1430 1272 1519 intuens,
1379 1462 1429 1502 „es

368 1539 477 1609 Unius
499 1561 519 1604 a
538 1548 571 1604 te
593 1533 739 1604 oriminis
761 1534 892 1603 veniam
914 1549 998 1629 pete.

368 1667 470 1714 nanc.
485 1642 627 1712 Veniam
644 1638 736 1709 dabit
753 1639 815 1709 sibi
832 1639 919 1736 ipse,
934 1642 991 1735 qui
1008 1639 1091 1711 nulli
1110 1641 1239 1723 dediti’¹

366 1747 547 1820 Laudanda
567 1746 632 1816 feci
650 1745 781 1838 jussus,
797 1744 863 1816 hoo
882 1771 987 1816 unum
1006 1772 1123 1841 meum
1138 1763 1215 1822 estt

366 1976 453 2030 filium
466 1989 557 2028 meum
572 1971 663 2025 adfore
680 1991 735 2026 non
754 1971 811 2025 aine
831 1991 878 2044 pa·
923 1986 953 2027 ut
966 1973 1033 2028 mihi
1050 1972 1172 2042 videtur,
1188 1976 1390 2048 interpretatio,
1402 1977 1431 2032 in

365 2069 441 2111 terna
452 2053 586 2107 anxietate
596 2051 746 2124 presentie.
922 2073 975 2126 qna
984 2055 1059 2107 scelus
1070 2066 1097 2108 et
1105 2058 1200 2108 insania
1211 2055 1431 2113 contunduntur:

412 2133 495 2204 ¹²⁵7·
514 2133 631 2186 Fructum
652 2134 701 2194 tui,
722 2142 771 2184 etc.
783 2132 880 2186 Temet
924 2135 980 2188 Cur
992 2134 1081 2188 vivam
1094 2135 1222 2208 amplius,
1237 2135 1273 2190 ait
1290 2136 1429 2202 Hercules,

368 2214 435 2268 mihi
443 2230 562 2278 reserva,
570 2211 607 2264 ait
614 2209 807 2282 Amphitryon:
817 2211 879 2266 nul-
922 2213 1023 2268 amiaaie
1037 2215 1161 2268 omnibus
1171 2216 1265 2281 honio,
1276 2230 1378 2284 mente,
1392 2237 1430 2272 ar·

366 2298 409 2349 lua
425 2294 556 2346 hactenus
577 2287 617 2346 tui
634 2301 661 2344 et
680 2289 802 2343 laborum
817 2305 879 2344 tuo·
922 2293 972 2346 mia
978 2331 988 2360 „
997 2293 1083 2360 fama,
1097 2307 1147 2348 etc.
1159 2294 1171 2346 Ρ
1184 2295 1240 2350 Nec
1251 2297 1362 2350 meliora
1371 2316 1430 2371 spe-

368 2392 431 2428 rum
445 2372 548 2426 fructur
565 2369 633 2424 mihi
651 2369 778 2440 contigit,
794 2388 880 2442 quum
921 2391 981 2426 aare
1005 2373 1072 2427 mihi
1098 2375 1179 2439 lieet;
1202 2376 1285 2430 scelus
1310 2378 1430 2432 animum

368 2471 471 2524 semper
487 2465 514 2505 et
527 2450 623 2522 procul
635 2467 650 2502 a
663 2449 783 2520 genitore
792 2469 879 2504 verae-
922 2471 1014 2506 meum
1031 2454 1068 2507 ita
1087 2455 1197 2525 polluit,
1215 2468 1246 2508 ιιι
1267 2469 1339 2510 tanta
1359 2457 1429 2510 labet
1592 2441 1593 2496 i

369 2533 521 2596 torrueris,
535 2529 881 2603 monstralaceaeeneetpe«
922 2533 977 2586 sola
1007 2545 1093 2586 morte
1125 2534 1178 2588 elui
1204 2536 1295 2608 poerit.
1326 2537 1431 2590 Scilicet

368 2613 470 2678 ricula;
485 2612 564 2665 liceat
579 2609 645 2662 mihi
655 2607 763 2663 tandem
775 2623 802 2663 te
811 2627 880 2682 prte-
922 2612 1049 2666 Herculea
1065 2631 1160 2667 necem
1177 2613 1227 2668 sibi
1240 2614 1429 2670 consciaeendo

369 2707 442 2750 rente
450 2691 515 2756 frui,
524 2703 550 2744 te
558 2702 673 2761 tangere,
682 2701 708 2743 te
717 2691 879 2762 compicere.
922 2692 1080 2765 approbabit
1091 2707 1218 2764 quantum
1229 2713 1244 2746 a
1257 2707 1361 2768 patrato
1375 2715 1430 2750 ece·

369 2781 370 2786 ’
412 2773 495 2827 ιι58.
513 2770 565 2825 Cur
583 2772 770 2831 aninamsete.
784 2770 878 2842 Eurip.
921 2771 977 2825 lere
1004 2773 1152 2826 abhorreat.
1178 2770 1278 2828 Eadem
1300 2776 1431 2829 sententia

367 2853 448 2907 Herc.
468 2851 520 2904 tur.
543 2849 607 2904 1301
623 2850 675 2904 :Ti
695 2844 763 2905 treve
783 2870 814 2916 μι
837 2852 878 2912 ζῆν
920 2851 1032 2906 iteratur
1052 2853 1181 2918 inferius,
1199 2872 1226 2906 v.
1252 2875 1349 2927 1277:
1373 2882 1384 2904 ι
1402 2855 1428 2910 si

368 2929 424 2996 em
434 2926 550 3003 τὶκιρδις
560 2930 658 2998 ἔξιμεν.
672 2929 728 2982 nto
740 2937 764 2981 τ’
773 2931 879 3000 ἀχρεῖον,
921 2931 997 2997 viro,
1009 2933 1059 2986 seoi
1071 2933 1181 2998 scelera3
1190 2935 1213 2988 ei
1222 2936 1341 3004 morior,
1351 2935 1426 2990 tuti..

366 3013 462 3066 ἀνόσιοι
474 3011 630 3080 erumpentem
922 3012 964 3065 Cf.
981 3012 1044 3083 Ajac
1057 3011 1151 3084 flagell.
1167 3014 1234 3068 583.

411 3089 609 3144 noetianos.
630 3087 802 3142 Maronillae
823 3107 878 3144 eoe-
965 3092 1050 3146 1263.
1074 3093 1166 3145 Facere
1192 3112 1222 3146 ne
1245 3098 1343 3165 ponem
1371 3095 1429 3150 Hoc

367 3173 453 3226 lerum
465 3169 587 3234 ultrices,
601 3179 628 3220 et
641 3168 760 3222 honeatia
770 3181 878 3222 tantum
920 3170 1008 3242 iprum
1018 3191 1053 3225 ne
1064 3171 1157 3225 faciam
1165 3210 1173 3237 ,
1182 3172 1199 3226 i.
1213 3191 1237 3226 e.
1248 3193 1283 3227 ne
1292 3188 1430 3246 parentem

368 3251 531 3306 facinoribus
546 3261 631 3301 notae.
647 3247 721 3320 Srepe
738 3267 820 3302 manua
836 3249 878 3302 in·
919 3251 1063 3322 perimam,
1076 3252 1145 3305 mori
1164 3252 1233 3305 mihi
1250 3267 1352 3308 certum
1366 3268 1412 3308 eat

368 3330 467 3395 venias,
476 3326 601 3400 inscript.
610 3327 684 3380 latin.
696 3339 724 3380 et
730 3329 878 3399 praesertim
963 3335 1047 3395 1264.
1060 3329 1161 3384 Cernere
1169 3332 1245 3396 hunc,
1256 3345 1307 3388 etc.
1317 3335 1429 3389 Liberos

368 3411 471 3484 poetis,
484 3427 535 3481 pro
551 3407 594 3460 hie
608 3426 666 3479 qun
681 3407 795 3474 virtute,
810 3408 877 3461 viri·
919 3427 1009 3465 coram
1019 3423 1095 3482 patre
1103 3409 1259 3466 occidendo.

367 3493 433 3554 bus,
446 3508 518 3542 manu
529 3500 666 3560 geruntur.
676 3485 802 3558 SioVirg.
814 3491 876 3542 AEn.
962 3493 1045 3560 1267.
1058 3490 1160 3544 Veniam
1174 3491 1258 3556 dabir,
1274 3507 1324 3547 etc.
1334 3493 1390 3559 Qui
1399 3492 1427 3546 in

367 3571 425 3633 VI,
443 3567 498 3622 683
511 3579 523 3620 ⁴:
546 3593 556 3614 ι
570 3567 687 3638 Fataque
705 3567 876 3638 fortunasque
921 3587 1013 3622 omnes
1030 3569 1139 3623 immitia
1151 3571 1200 3624 soit
1211 3583 1238 3624 et
1253 3572 1426 3636 inhumanae,

367 3652 454 3703 virum
469 3665 609 3718 moresque
623 3664 777 3718 manusque.
789 3673 800 3695 ι
920 3667 985 3702 num
996 3649 1094 3702 meruit
1112 3662 1144 3702 nt
1154 3651 1212 3722 ipae
1223 3649 1273 3704 sibi
1284 3652 1395 3725 parcat?
1500 3685 1505 3692 ·

409 3730 492 3782 1261.
507 3727 592 3780 Etiam
604 3727 720 3793 furorem.
739 3726 800 3791 Quo
819 3724 876 3780 adi·
962 3731 1048 3783 1268.
1069 3729 1220 3794 Laudando,
1239 3743 1289 3786 ete.
1308 3732 1380 3786 Petis
1398 3743 1428 3786 ιιι

365 3807 449 3861 mitur
468 3807 560 3859 saltem
580 3805 687 3860 sceleris
706 3805 874 3860 conscientia,
919 3808 1024 3862 intuens
1047 3828 1105 3881 quaa
1127 3811 1253 3881 preclare
1275 3812 1358 3883 gessi,
1376 3812 1428 3866 hoc

365 3888 408 3941 Cf.
421 3905 480 3958 aup.
494 3903 522 3940 v.
540 3892 611 3953 ¹⁰94
625 3895 652 3938 et
664 3902 739 3956 seqq.
918 3905 1003 3941 unum
1020 3907 1096 3944 seona
1109 3888 1252 3944 admistum
1269 3892 1338 3945 mihi
1354 3896 1427 3963 igno·

407 3970 490 4020 126².
504 3965 586 4018 Morte
600 3963 749 4028 sanandum,
765 3976 815 4018 ete.
831 3963 874 4018 nd
917 3985 987 4020 acam
989 4007 1046 4024 ......
1067 3967 1121 4022 sod
1138 3968 1270 4024 laudanda
1289 3991 1306 4026 a
1322 3972 1427 4026 Junone

248 4049 251 4058 ’
363 4048 419 4101 haec
428 4045 559 4100 Farnab.:
572 4045 696 4097 «Insann
707 4044 790 4098 menti
798 4043 873 4098 nulle
916 4058 943 4098 et
963 4047 1114 4118 Eurystheo
1133 4063 1239 4106 coactus
1260 4051 1366 4122 peregi3
1386 4051 1427 4104 in·

298 4181 302 4192 ,
362 4140 401 4182 eet
419 4125 471 4180 aiei
490 4145 505 4178 a
524 4135 612 4178 morte
627 4121 738 4177 medela.
751 4150 762 4170 ι
779 4124 872 4192 Falsa,
914 4127 1000 4194 jumne
1014 4146 1078 4180 vero
1090 4148 1163 4184 mena
1176 4130 1317 4196 interfeci,
1333 4129 1426 4202 dignus
