3118 5138
377 538 420 632 cij
646 500 890 608 ursroarca'
914 538 971 606 nr
995 537 1177 608 cautes
1243 571 1282 625 .,.

375 662 521 727 animum
545 659 666 748 Ulyssis
691 657 818 725 flectere
835 659 994 740 :frustra3
1020 659 1144 748 rapitur
1165 657 1254 724 enim
1279 660 1446 748 Astyanax

376 767 473 834 morti
492 765 680 831 destinatus.

417 875 469 942 ab
479 872 625 938 instituta
637 872 778 960 antique·
788 870 947 961 tragoedia*
959 870 1085 936 ratione
1093 870 1260 936 recessisse
1271 871 1444 954 Senecam,

261 971 263 976 ¹
373 981 424 1046 vel
439 981 473 1044 in
489 977 535 1044 eis
551 1000 623 1065 que
641 977 814 1042 novissima
830 975 975 1056 laudavi,
993 973 1189 1064 intelligent,
1206 975 1263 1062 qui
1282 974 1444 1064 tragoedia

373 1107 482 1176 grecas
506 1105 603 1171 opera
625 1103 812 1170 pernovere.
840 1081 955 1169 Neque
975 1079 1050 1148 ideo
1072 1079 1233 1168 carpenda
1254 1103 1443 1162 censemus,

372 1191 509 1282 professi
538 1205 652 1254 contra
679 1211 716 1252 ea
742 1188 837 1254 nobis
865 1187 969 1254 videri
994 1186 1231 1276 pulcherrimas3
1259 1185 1442 1252 nomadum

371 1315 481 1364 umen
502 1296 557 1361 hic
581 1294 801 1360 existimamus
821 1296 855 1359 in
879 1295 925 1360 eis
948 1315 1081 1382 quoque
1108 1315 1260 1382 apparere
1285 1307 1443 1380 unquam

369 1403 537 1494 insignitas
552 1401 706 1468 Mnaeani
721 1400 844 1490 ingenii
860 1403 970 1481 nous,
987 1399 1045 1465 sed
1060 1398 1209 1480 feliciori,
1223 1414 1261 1463 ut
1271 1397 1440 1464 interdum

370 1509 483 1592 fiebat,
508 1507 626 1596 spiritu
652 1505 769 1589 afflati,
795 1529 904 1595 neque
930 1506 1071 1593 singulas
1096 1521 1223 1570 tantum
1248 1504 1439 1587 sententias,

369 1613 426 1680 sed
440 1614 488 1678 rei
503 1629 537 1677 et
549 1610 751 1676 inveniende
764 1627 798 1676 et
811 1608 1014 1677 absolvendae
1028 1609 1269 1674 universitatem
1285 1608 1438 1674 curantis.

368 1705 409 1784 In
426 1716 617 1784 declarando
632 1715 774 1780 Phaedrae
791 1738 919 1797 amore,
934 1731 967 1779 et
984 1713 1132 1804 cogenda
1147 1713 1241 1779 fateri
1254 1712 1440 1778 Androma-

369 1827 447 1906 che,
468 1845 541 1912 quoe
562 1823 657 1887 celari
682 1844 890 1910 summopere
910 1821 1004 1902 velit,
1026 1835 1155 1886 tanturn
1174 1819 1295 1884 eminet
1314 1817 1439 1883 artificii

368 1948 402 1996 et
426 1927 600 2004 acuminis,
624 1945 679 2004 ut,
702 1927 777 1992 licet
801 1927 903 1993 alium
925 1942 1056 2014 poetam
1080 1941 1156 1990 ante
1179 1925 1292 1990 oculos
1314 1924 1437 1988 Seneca

367 2035 535 2116 habuerit,
555 2055 592 2098 ea
614 2047 791 2120 negaturus
812 2033 854 2094 sis
879 2047 1095 2119 preterquam
1122 2052 1142 2093 a
1168 2029 1325 2119 scriptore
1352 2045 1437 2093 note

366 2141 542 2230 discipline
566 2137 750 2218 fastidioso,
772 2152 805 2200 et
831 2137 974 2202 novimte
1000 2159 1109 2200 rerum
1138 2152 1235 2226 atque
1265 2136 1437 2200 insolentia

365 2243 515 2312 elucendi
531 2241 668 2330 cupido,
682 2241 856 2330 excogitari
869 2242 1026 2328 potuisse.

407 2349 589 2440 Tragoedias
607 2347 735 2412 Seuecae
751 2369 864 2410 rursus
878 2346 1095 2411 consideranti
1115 2347 1213 2428 mihi,
1231 2363 1263 2410 et
1277 2347 1340 2411 iter
1353 2347 1434 2410 rele-

364 2457 453 2548 genti
465 2453 555 2544 quod
567 2453 599 2516 in
612 2453 672 2518 illis
684 2451 879 2516 aestimandis
890 2452 1037 2535 lustravi,
1052 2469 1138 2518 recte
1152 2451 1258 2541 colligi
1269 2453 1435 2541 sequeutia

364 2562 527 2628 videntur.
541 2560 659 2626 Groecis
674 2557 850 2648 tragoediis,
864 2581 946 2646 quas
961 2559 1103 2624 imitatus
1118 2573 1166 2622 est
1180 2559 1317 2640 Seneca,
1330 2557 1434 2622 latinae

364 2665 524 2757 tragoediae
541 2688 608 2728 non
627 2665 765 2753 aequari,
782 2687 889 2752 neque
903 2680 941 2728 ut
956 2664 1091 2730 feliciter
1102 2663 1143 2728 ad
1158 2689 1269 2729 earum
1282 2665 1434 2730 similitu·

363 2773 474 2838 dinem
491 2792 646 2859 expressae
661 2767 784 2832 laudari
799 2786 954 2856 possunt,
971 2787 1027 2835 aut
1044 2769 1224 2834 dramaticis
1242 2771 1344 2860 poetis
1361 2771 1435 2834 imi·

362 2877 467 2946 tandae
494 2876 633 2966 proponi
657 2873 715 2964 (r).
742 2877 808 2958 Qui
834 2898 886 2940 eas
913 2877 1039 2965 scripsit
1063 2894 1187 2958 auctor,
1212 2879 1286 2966 plus
1311 2879 1431 2968 ingenii

362 2984 478 3048 habuit
497 3003 594 3070 quam
611 2979 744 3062 judicii,
764 2996 797 3044 et
819 2978 928 3044 studio
949 2982 1049 3070 magis
1073 2981 1220 3070 placendi
1241 2981 1431 3066 ducebatur,

361 3112 459 3180 quam
482 3109 559 3152 vero
582 3103 616 3150 et
638 3103 816 3174 spontaneo
843 3087 942 3152 animi
967 3086 1132 3151 ferebatur
1157 3087 1291 3178 impetu.
1321 3089 1430 3154 Caruit

397 3339 433 3398 (r)
453 3330 523 3382 Huic
536 3339 633 3381 nostre
647 3326 767 3398 opinioni
786 3345 841 3379 non
864 3325 1039 3394 adversatur,
1066 3327 1138 3400 quod
1163 3329 1279 3400 singulas
1299 3331 1429 3402 quasdam

361 3422 467 3476 Senecas
478 3417 520 3470 vel
534 3433 642 3480 scenas,
657 3413 699 3468 vel
709 3413 849 3468 sententias
862 3414 890 3468 in
904 3434 950 3468 sua
965 3435 1045 3488 opera
1060 3419 1187 3482 camsilis,
1198 3421 1291 3472 Rarius
1301 3431 1328 3472 et
1339 3424 1430 3473 Weisse

362 3505 473 3562 feliciter
489 3499 656 3556 adsciverint.
675 3501 764 3554 Potest
781 3501 853 3554 enirn
873 3501 915 3554 vir
936 3501 1024 3574 uragu
1040 3503 1141 3573 ingenii
1158 3504 1322 3575 spectatique
1333 3505 1428 3578 judicii

360 3596 457 3668 ubique
470 3591 597 3664 reperire,
610 3587 684 3660 quod
698 3589 747 3642 sibi
758 3588 886 3652 vindicet,
900 3607 951 3642 uso
963 3590 1019 3644 siue
1032 3591 1121 3644 fructu
1130 3591 1186 3662 ipae
1196 3590 1333 3646 adhibeat.
1343 3593 1427 3648 Multa

359 3703 415 3738 esse
429 3679 501 3752 apud
512 3679 638 3732 Senecam
649 3677 773 3748 pulchra,
787 3689 813 3730 et
825 3695 883 3748 que
893 3689 1033 3732 serventur
1046 3677 1142 3750 digna,
1157 3699 1211 3732 non
1227 3681 1370 3752 quisquam
1387 3682 1428 3734 in·

359 3773 474 3835 licictur;
488 3766 534 3822 sed
544 3767 606 3820 artis
618 3777 657 3820 est
666 3783 697 3818 en
709 3765 873 3836 dignoscere.
883 3765 921 3819 Ea
932 3777 971 3819 est
981 3766 1160 3822 absolutorum
1172 3786 1285 3839 operum
1297 3768 1427 3834 conditio.

358 3873 388 3914 ut
399 3859 469 3912 bona
478 3857 506 3910 in
517 3855 567 3910 illis
582 3873 638 3906 non
650 3854 735 3906 multo
744 3863 902 3924 quaerantur
911 3853 1019 3919 labore,
1034 3853 1081 3908 sed
1100 3854 1178 3908 trite
1192 3869 1217 3910 et
1228 3857 1318 3910 atatim
1328 3856 1426 3912 discer-

359 3957 468 4010 nantur,
480 3956 510 3998 ut
521 3940 695 3996 dominantia.
705 3941 836 3994 Ceterum
846 3939 897 3994 lroc
906 3938 1035 3994 affirmari
1046 3953 1146 4012 potest,
1160 3943 1307 3998 imitatione
1320 3946 1426 4001 seneca

357 4039 461 4091 illatum
483 4030 619 4104 tragoediae
639 4027 711 4100 apud
728 4029 887 4082 recentiores
910 4029 1110 4084 declamationis
1129 4047 1209 4086 usum
1231 4031 1424 4106 studiumque,

357 4143 411 4198 quc
422 4134 493 4176 certe
504 4138 546 4174 ara
559 4113 704 4174 dramatica
715 4113 825 4169 minime
833 4115 922 4181 adjuta
936 4129 962 4170 et
974 4127 1096 4186 promota
1109 4130 1158 4172 est.
