3090 5142
344 492 438 587 nvuj
610 493 856 563 serstorum
880 495 937 562 er
962 493 1147 561 cantet

342 629 416 670 rum
433 619 586 695 apparatu
599 606 814 694 percellendus
826 604 1131 685 accommodantem
1146 603 1280 668 minime
1294 619 1409 668 autem

344 710 385 775 ad
401 711 594 794 movendas3
612 711 700 798 quod
714 735 816 800 quum
830 710 989 800 tragoediae
1005 710 1173 798 proprium
1190 709 1231 772 sit
1246 725 1278 772 et
1293 709 1412 796 pmei-

344 841 467 907 puum,
495 817 683 904 neutiquam
708 834 813 882 tamen
843 817 1000 881 curavisse
1024 816 1144 880 Seneca
1169 813 1306 879 videtur.
1333 816 1411 877 Hoc

345 923 431 986 enim
450 923 543 986 inter
564 919 728 985 rhetorem
754 937 799 986 et·
812 937 939 1010 poetam
967 918 1094 1000 differt,
1119 919 1166 983 us
1185 919 1256 1000 ille,
1282 920 1409 982 ceteris

345 1027 512 1118 neglectis,
530 1025 589 1090 sibi
603 1042 729 1091 mutum
744 1043 776 1091 ct
788 1027 921 1116 ingenio
937 1047 999 1090 suo
1010 1023 1253 1089 admirationem
1267 1041 1409 1112 qtmmt3

343 1133 398 1198 hic
413 1150 525 1198 contra
543 1132 577 1196 id
593 1155 696 1196 unum
714 1145 851 1221 spectet,
870 1147 908 1196 ut
922 1132 1048 1196 animos
1064 1131 1240 1219 legentium
1259 1146 1410 1219 spectan-

345 1239 468 1304 tiumve
478 1240 545 1328 ipsa
557 1238 662 1304 sabula
674 1237 829 1321 detineat,
840 1239 1004 1328 scriptoris
1014 1253 1047 1302 et
1059 1236 1128 1316 ejus
1139 1236 1261 1324 ingenii
1275 1235 1406 1300 oblitos.

345 1345 476 1410 Nemini
499 1345 635 1410 dubium
653 1367 722 1410 esse
740 1361 864 1434 potest,
887 1346 921 1408 in
941 1343 1100 1434 tragoediis
1117 1343 1245 1408 Senecae
1263 1341 1408 1405 rhetori-

343 1473 414 1516 cam
430 1450 620 1516 induettiam
637 1453 813 1540 pracsertim
830 1451 986 1540 spectari:
1002 1449 1092 1514 unde
1103 1470 1187 1536 saepe
1195 1447 1245 1531 fit,
1257 1464 1296 1511 ut
1310 1449 1407 1536 inge-

345 1556 435 1620 nium
461 1556 529 1636 ejus
555 1557 653 1620 simul
677 1556 824 1639 laudare,
849 1571 882 1620 et
904 1555 1110 1620 dramatimm
1136 1553 1405 1642 compositionem

344 1663 485 1726 severius
500 1676 612 1726 notare
627 1683 803 1750 cogamurr

367 1768 461 1832 ,Non
481 1767 580 1857 igitur
597 1789 672 1832 eum
694 1767 874 1832 dramaticus
895 1768 971 1832 artis
992 1767 1141 1857 ignarum
1160 1766 1274 1846 luisse,
1290 1763 1345 1828 sed
1362 1763 1405 1827 ad

345 1871 443 1938 finem
462 1895 559 1960 quem
585 1873 645 1936 sibi
668 1890 881 1962 proposuerat
902 1872 1138 1962 respiciendum
1163 1861 1332 1961 putamus,
1365 1884 1406 1932 ut

344 1979 480 2043 omnino
496 1978 703 2068 intelligatur,
720 1996 859 2043 curtam
876 1979 1063 2067 frequenter
1080 2001 1116 2042 ea
1131 1976 1320 2066 neglexerit,
1331 1996 1406 2061 quse

341 2084 383 2148 ad
401 2083 644 2148 similitudinem
661 2085 726 2149 reri
747 2085 935 2150 servandam
957 2101 990 2148 et
1009 2082 1246 2172 promovendos
1266 2081 1405 2168 tragicos

342 2189 478 2254 affectus
507 2191 682 2255 necessaria
707 2190 869 2255 videntur.
902 2189 1032 2278 Aliquid
1054 2191 1087 2253 in
1111 2182 1262 2253 texendis
1287 2185 1405 2250 fabulis

343 2295 534 2384 plerumque
549 2295 715 2361 claudicat.
730 2298 767 2360 In
784 2319 888 2360 unum
902 2297 1028 2385 singula
1041 2297 1123 2359 male
1134 2309 1270 2373 coeunt;
1286 2307 1319 2355 et
1331 2313 1406 2379 quae

344 2401 378 2463 in
408 2401 541 2488 singulis
576 2403 693 2490 tragica
725 2415 919 2488 occurrunt,
948 2400 1160 2466 admiratione
1189 2397 1320 2486 quidem
1346 2395 1406 2460 au't

343 2519 480 2588 terrore,
508 2505 564 2570 sed
591 2529 772 2595 numquam
799 2508 958 2571 teneriore
984 2521 1075 2570 motu
1100 2505 1225 2568 animos
1254 2501 1403 2590 implent.

343 2611 556 2700 Monulogiae,
577 2614 776 2677 narrationes
802 2611 1099 2700 descriptionesque
1118 2609 1247 2698 prolixae
1272 2623 1349 2671 sunt
1371 2622 1406 2671 et

344 2737 510 2796 enormes;
529 2713 702 2804 omniaque
720 2717 754 2780 in
773 2717 835 2798 eis,
854 2716 941 2780 nulla
957 2716 1116 2804 propositi
1134 2715 1242 2778 habita
1261 2713 1404 2789 ratione,

342 2819 510 2884 rhetoricis
527 2822 725 2886 ornamentis
749 2823 937 2886 cumulatim
961 2837 1147 2886 onerantur.
1175 2819 1268 2883 Nulla
1292 2839 1404 2882 rerum

344 2947 415 3012 quae
439 2925 592 2989 eveniunt
616 2942 690 3014 apta
713 2927 930 3015 praeparatio:
955 2927 1106 3004 sejunctae
1128 2945 1233 2988 scene
1255 2938 1287 2986 et
1312 2921 1406 2985 nullo

342 3031 474 3094 vinculo
490 3052 660 3096 connexae:
677 3030 924 3119 superveniendi
942 3047 998 3100 aut
1014 3028 1200 3119 egrediendi
1214 3049 1316 3093 causae
1330 3049 1408 3115 per-

325 3135 327 3140 ’
342 3137 430 3198 sonis
445 3158 622 3223 numquam
638 3137 713 3201 satis
723 3138 907 3200 observatae.
917 3137 994 3200 Haec
1004 3137 1112 3201 omnia
1124 3133 1405 3224 prosupervacuis

341 3241 461 3305 omittit
478 3259 590 3330 poeta,
610 3243 730 3330 quippe
747 3243 802 3331 qui
822 3243 885 3306 alio
904 3241 1008 3305 tendit
1023 3265 1061 3306 ac
1078 3242 1203 3305 nititur.
1213 3241 1320 3304 Immo
1333 3237 1404 3302 lieri

340 3347 465 3433 potuit,
487 3362 524 3409 ut
552 3347 593 3410 ad
618 3346 856 3435 assequendum
884 3346 974 3433 quod
999 3347 1060 3412 sibi
1087 3359 1315 3434 proposuerat,
1334 3366 1404 3407 non

343 3474 457 3539 parum
475 3453 635 3540 profuerit
651 3452 797 3540 quaedam
811 3476 850 3517 ex
865 3452 1024 3517 industria
1040 3452 1168 3542 negligi.
1185 3453 1223 3515 In
1236 3451 1405 3514 rhetoricis

342 3557 636 3639 exercitationibus,
648 3557 777 3623 assiduo
786 3575 905 3622 conatu
917 3581 999 3646 opus
1010 3575 1093 3639 erat,
1108 3575 1249 3648 utquam
1262 3557 1404 3619 maximo

342 3683 469 3749 semper
489 3663 540 3725 sui
557 3664 731 3750 specimine
749 3663 917 3751 ingenium
936 3662 1142 3752 splenderet:
1166 3683 1296 3726 necesse
1313 3660 1405 3724 ride-

342 3767 452 3846 batur,
470 3790 732 3856 unamquamque
748 3789 893 3850 scenmn,
911 3765 1171 3855 unumquodque
1187 3768 1253 3831 lere
1266 3765 1404 3830 verbum

346 3871 514 3937 admiratio
539 3890 572 3938 et
595 3891 711 3963 stupor
734 3890 956 3962 sequerentur.
989 3874 1069 3938 lnde
1100 3875 1133 3937 in
1159 3891 1229 3939 toto
1252 3897 1367 3962 opere,
1386 3897 1406 3936 a

339 3978 442 4065 capite
473 3978 512 4042 ad
541 3982 679 4061 calcem,
707 3979 818 4045 eadem
847 3978 974 4044 dicendi
1000 3980 1178 4044 contentio.
1213 3977 1407 4067 Nusquam,

342 4083 401 4146 uisi
431 4084 498 4184 fors
524 4086 566 4148 ita
596 4085 723 4165 tulerit,
747 4085 945 4176 explicantur
976 4087 1139 4174 agentium
1171 4107 1277 4148 mores
1310 4085 1408 4172 inge-
