3240 5138
366 503 647 580 unacuons
672 509 891 580 tonnus.
918 513 1028 605 ror.
1055 517 1102 583 11.
1221 521 1267 613 49

256 642 325 712 Sed
343 641 397 712 ille
416 667 520 737 regno
541 661 708 736 prosae,
727 615 788 710 noi
809 642 959 738 improba

256 748 422 844 Cupidine
442 746 710 841 actilquaeritur
731 746 807 816 belli
828 751 950 836 exitus,

255 853 338 922 Non
359 877 466 924 eausa.
488 853 554 924 Sed
575 877 664 922 nunc
682 868 796 946 pereat
816 857 922 924 omnis
944 860 1128 928 memoria:

257 961 372 1049 Quum
391 962 498 1030 victor
519 983 611 1028 arma
629 960 758 1052 posuit,
780 974 814 1028 et
834 961 958 1030 victum
980 961 1076 1033 decet

255 1067 435 1160 Deponere
457 1065 541 1135 odia.
561 1067 639 1135 Non
660 1078 698 1132 ut
718 1065 838 1134 inflexo
860 1091 948 1161 genu
1228 1095 1266 1148 ut

256 1171 464 1265 Regnantem
487 1169 622 1258 adores,
641 1172 808 1265 petimus:
828 1171 892 1242 hoc
908 1174 1016 1268 ipsum
1036 1173 1161 1270 placet,

256 1278 380 1346 Animo
401 1277 512 1346 urinas
534 1276 624 1371 quod
645 1277 735 1369 capis
756 1300 876 1372 magno
899 1291 983 1349 tuas.

256 1385 304 1452 Es
324 1407 399 1478 rege
418 1382 539 1476 conjux
562 1381 661 1477 digna
683 1408 692 1451 :
714 1383 875 1453 sociemus
896 1397 996 1455 toros.

257 1507 346 1559 mac.
369 1487 505 1559 Gelidus
525 1512 585 1582 per
601 1501 693 1557 artus
711 1486 802 1556 vadit
819 1513 999 1584 exsangues
1018 1501 1150 1564 tremor.

255 1593 358 1682 Quod
372 1593 499 1664 facinus
513 1618 609 1663 aures
624 1591 773 1688 pepulit?
787 1595 884 1664 Haud
900 1597 1051 1690 equidem
1066 1589 1196 1690 horrui,
1225 1635 1264 1678 ω

255 1701 371 1789 Quum
390 1724 473 1794 pace
491 1714 587 1794 rupta
605 1698 741 1769 bellicus
758 1723 872 1770 muros
891 1701 1005 1796 fragor

256 1807 552 1893 Circumsouaret3
574 1803 693 1900 pertuli
712 1806 873 1900 intrepide
895 1811 1026 1877 omnia?

254 1910 431 1981 Thalamos
452 1913 623 1996 tremisco;
640 1924 737 2006 capta
756 1935 846 1980 nunc
869 1912 983 1982 videor
1002 1915 1090 1984 mihi

256 2018 407 2087 Gravcnt
426 2033 550 2086 catenae
568 2039 706 2110 corpus,
723 2031 758 2086 et
772 2014 876 2112 longa
897 2018 983 2088 farne

254 2123 350 2192 Mors
371 2123 584 2218 protrahatur
606 2121 715 2212 lenta,
734 2147 802 2191 non
821 2125 932 2193 vincet
953 2117 1053 2194 iidem
1225 2165 1264 2208 4„

200 2293 341 2346 causetur,
355 2295 403 2336 eur
417 2291 470 2336 tarn
491 2282 575 2336 multa
589 2281 616 2334 in
633 2291 708 2354 capta
752 2277 1262 2352 ctereut.Justin.XII,7tNonsatutari,

201 2359 449 2435 incensaqueijn
458 2362 603 2414 inhumane
614 2359 711 2413 admis-
753 2362 1264 2429 sedadoraaeisejutee...10cenimminter

202 2459 230 2492 sa
250 2441 363 2503 inerint,
381 2454 535 2512 partemque
550 2439 711 2494 crudelitatis
752 2454 888 2490 recusantes
896 2443 1052 2493 Callisthenes
1053 2443 1231 2510 filit:quoercs
1239 2460 1264 2496 ce

203 2517 319 2572 victoria
327 2531 354 2572 et
362 2521 434 2573 nocti
443 2521 561 2592 imputat.
753 2519 791 2568 illi
803 2533 829 2568 et
843 2520 924 2570 multis
933 2521 1085 2587 principibus
1098 2521 1262 2574 Macedonum

203 2611 322 2654 homin
331 2615 438 2662 abnuit,
447 2617 493 2670 plns
499 2595 626 2669 auelletque
637 2627 697 2662 none,
752 2597 830 2648 ²²de
838 2599 911 2665 filib·
922 2595 1042 2665 Siquidem
1053 2599 1098 2651 sub
1110 2603 1190 2668 specie
1202 2605 1262 2653 1ηεί-

203 2684 258 2725 lim
263 2685 398 2726 asinium
406 2697 492 2726 mannen
501 2695 520 2726 et
529 2683 710 2724 eoulondaientnoe
751 2676 849 2725 diarum
861 2695 944 2728 omnes
957 2680 1085 2747 intefictt'.
1100 2683 1212 2731 hereum
1225 2696 1263 2732 ta·

279 2769 354 2808 ΜΡ»
363 2766 402 2796 ‘'⁶-
409 2765 446 2796 Μ·
751 2773 805 2804 meu
814 2768 850 2805 ese
858 2774 875 2804 a
885 2759 1060 2808 Macedonibus
1072 2777 1125 2808 mos
1134 2762 1262 2811 salutandi

236 2842 295 2899 tir.
307 2839 412 2887 Adam.
422 2832 481 2887 Vox
494 2832 573 2886 ducta
590 2844 622 2886 ex
637 2829 709 2884 adet
751 2836 826 2902 regis,
837 2837 940 2900 explosa
950 2837 1103 2888 adoratione.

204 2926 243 2975 os,
253 2914 317 2986 qnia
326 2933 383 2967 mos
394 2914 443 2966 tuit
453 2911 639 2966 'venerantibus
650 2909 710 2964 dex·
786 2916 848 2973 41²·
859 2911 953 2963 Batinus
961 2917 1030 2981 quod
1036 2915 1113 2982 capis.
1124 2913 1182 2967 Hoc
1194 2915 1260 2967 mibi

204 3005 281 3046 terem
292 2993 325 3046 ad
336 3011 366 3046 os
375 2993 481 3047 referre.
489 2994 576 3044 dmm.
587 2991 665 3053 xxt,
677 3009 707 3061 7,
749 2987 834 3060 placet
844 3027 851 3052 ,
861 2989 933 3061 quod
944 2987 1056 3044 fortune
1065 2999 1115 3044 tuae
1121 2991 1210 3045 ruinas
1220 2993 1259 3045 iu·

203 3067 707 3142 adorarepmpeeramprincipisdixit,quia
750 3066 1255 3145 trepidolerasanimo.Capbprosubir,

202 3152 246 3224 qui
257 3153 405 3226 prhrcipem
416 3149 524 3205 adibunt
535 3148 642 3203 dextera
656 3167 709 3200 ma·
745 3151 856 3216 perfers,
871 3160 900 3200 ut
912 3147 941 3200 in
955 3145 1014 3201 Liv.
1026 3146 1063 3215 V,
1077 3166 1129 3210 ao,
1144 3152 1260 3202 invidiam

201 3247 238 3284 uu
257 3249 420 3306 pnrpuream
440 3234 495 3303 ejus
515 3239 611 3282 vestem
630 3226 708 3300 proni
749 3244 836 3293 capere
848 3228 918 3293 aprrd
929 3228 1035 3293 aliquem
1048 3245 1082 3276 ex
1089 3229 1198 3294 prodiga
1210 3231 1260 3278 lan·

201 3311 388 3383 contingehmit
410 3322 436 3363 et
460 3307 635 3364 admovebant
658 3305 707 3358 ori.
747 3307 850 3372 gitione.
863 3302 1003 3374 Eleganter
1017 3306 1102 3354 ricinus
1112 3322 1159 3373 per
1176 3316 1260 3359 trans-

201 3389 267 3444 Inde
274 3385 708 3462 proquolibetmodoeorporisper
748 3381 997 3459 ‘htionemdictum
1012 3381 1069 3435 Cic.
1086 3382 1207 3451 Catili,
1221 3389 1257 3437 6:
1317 3397 1322 3407 ¹

202 3464 709 3540 venerationcmautobeequinmdemit·
749 3465 911 3513 Praetermitto
928 3464 1014 3512 ruinas
1025 3464 1186 3529 fortunarum
1204 3477 1259 3514 ma-

200 3547 272 3601 tentli
280 3551 385 3600 adorari
392 3559 544 3618 usurpatum
552 3557 599 3598 est.
606 3543 663 3597 Hoc
673 3555 708 3595 ta·
750 3563 812 3602 rtem,
821 3562 882 3608 quas
888 3559 970 3593 omues
978 3541 1115 3608 impendere
1122 3543 1259 3610 cioipmi-

200 3646 262 3680 men
272 3627 434 3681 discriminis
447 3624 628 3680 salutationem
640 3623 708 3675 inter
750 3625 794 3673 mis
802 3623 881 3672 idibus
888 3623 985 3671 senties.

199 3719 226 3758 et
242 3705 420 3759 adorationem
438 3704 503 3767 luit,
521 3702 592 3777 quod
605 3720 706 3756 summa
785 3703 1045 3768 419.cravene,eto.
1065 3693 1116 3750 sed
1135 3713 1258 3766 quaecun-

198 3798 300 3838 tanturn
316 3783 435 3856 corporis
448 3797 520 3856 parte
533 3782 704 3840 salutabatur,
749 3798 801 3851 que
819 3779 845 3830 in
861 3795 903 3829 me
920 3775 1046 3848 supplicia
1063 3773 1257 3840 adhibeantur,

198 3863 371 3918 adorantibus
379 3881 443 3916 vero
452 3879 547 3934 corpus
559 3861 634 3914 humi
644 3871 709 3911 ster·
748 3857 816 3911 nihil
833 3868 926 3910 contra
939 3854 1054 3927 conjugii
1066 3853 1146 3908 fidem
1164 3853 1257 3908 admit·

197 3943 323 4008 aiebatur,
333 3945 390 3998 sive
397 3959 471 3996 more
479 3942 616 3994 Persarum
629 3939 707 4010 proni
748 3951 803 3992 tere
821 3935 885 3988 mibi
902 3947 1002 3986 certum
1016 3947 1076 3986 est:
1097 3933 1209 3997 moriar,
1229 3946 1257 3986 at

198 4024 233 4078 ad
244 4037 338 4078 terram
357 4022 559 4096 procumberent
576 4020 708 4072 manibus·
749 4017 861 4078 moriar,
873 4033 890 4066 o
898 4017 994 4086 conjux
1005 4053 1012 4078 ,
1022 4026 1077 4078 tua.

198 4121 253 4174 que
270 4115 328 4174 post
348 4115 450 4174 tergum
467 4097 582 4154 reductio
594 4097 706 4150 humum
785 4102 845 4160 tao.
860 4095 1105 4161 uorspmtratasur.
1116 4091 1177 4144 Vita
1190 4090 1256 4143 mihi

197 4175 706 4250 {rontelerirent,sivegenutautnmflc·
749 4176 818 4229 lente
831 4171 969 4226 adimatur.

254 4281 280 4345 1.
1077 4269 1098 4350 t
