3240 5138
364 521 645 592 lIERCULES
671 511 891 590 FURENS.
921 523 1030 594 ACT.
1058 528 1108 594 lI.
1214 528 1260 622 67

312 657 525 748 Consurgunt
541 651 672 722 tumidis
692 652 846 722 fluctibus
864 677 1005 748 aequora.

311 763 385 827 Non
404 757 468 828 illic
486 760 653 853 geminum
668 758 862 852 Tyndaridae
879 783 983 854 genus

309 867 513 934 Succurrunt
532 864 653 932 timidis
670 864 776 934 sidera
793 865 940 935 navibus.

311 973 383 1040 Stat
400 971 495 1066 nigro
513 968 647 1065 pelagus
666 972 795 1065 gurgite
813 969 1023 1065 languidum

309 1079 372 1165 Et,
389 1101 492 1172 quum
510 1079 604 1146 Mors
622 1075 724 1145 avidis
739 1074 860 1171 pallida
874 1077 1027 1146 dentibus
1229 1111 1265 1150 ιιι

310 1184 435 1252 Gentes
454 1185 642 1252 innumeras
661 1182 817 1252 Manibus
833 1182 959 1268 intulit,

310 1289 388 1357 Uno
406 1293 456 1359 tot
470 1287 584 1384 populi
601 1289 724 1383 remige
739 1301 919 1358 transeunt.

311 1396 452 1465 Evincas
470 1397 595 1464 utinam
611 1395 686 1489 jura
702 1393 779 1463 lerae
794 1396 924 1488 Stygis,

310 1502 553 1595 Parcarumque
571 1499 661 1570 colos
680 1525 747 1569 non
764 1497 981 1570 revocabiles!

310 1609 393 1694 Hic,
411 1608 468 1702 qui
483 1631 540 1675 rex
559 1605 689 1701 populis
707 1604 857 1701 pluribus
874 1607 1030 1702 imperat,
1226 1641 1263 1679 sn

203 1786 302 1841 dantur
324 1788 419 1842 lenitas
446 1801 473 1842 et
496 1800 592 1860 tepor:
615 1787 643 1840 in
662 1788 715 1843 hoc
758 1786 1136 1858 l'enltvennneetlnnnn'gan'nn
1146 1790 1267 1844 d'Heltne

204 1867 310 1921 §meon
323 1868 398 1934 loco,
412 1885 462 1939 pro
471 1880 553 1922 rento
564 1879 667 1920 tantum
681 1867 714 1920 ab
752 1867 837 1932 sterent
850 1867 876 1918 la
886 1886 968 1919 source
985 1867 1058 1919 d'une
1071 1887 1157 1938 gnerre
1170 1873 1264 1926 crnelle.

204 1947 306 2000 Occasu
322 1947 402 2001 flante
412 1946 582 2020 accipiendus
595 1959 641 2000 cet.
757 1945 862 2018 Se'rrtque
878 1947 959 1999 &coit
976 1946 1083 2001 obsercer
1095 1949 1159 2000 dene
1175 1952 1263 2004 chora.

245 2026 310 2080 552.
326 2027 453 2081 Geminum
469 2025 617 2098 Tyndarida
628 2044 712 2096 genus.
757 2025 795 2077 La
804 2029 936 2096 premiere,
949 2045 1039 2096 queens
1048 2029 1110 2094 fene
1120 2047 1144 2079 se
1158 2041 1266 2082 trouvent

205 2107 300 2160 Cantor
311 2119 338 2159 et
348 2107 443 2160 Pollux
456 2146 464 2172 ‚
477 2120 543 2178 quos
560 2106 667 2177 Jupiter
681 2123 713 2159 ex
756 2123 789 2156 au
807 2105 902 2157 nombre
919 2105 950 2156 de
966 2107 1022 2175 plns
1038 2106 1068 2158 de
1084 2107 1166 2171 deum
1182 2129 1213 2160 on
1233 2131 1263 2163 en

204 2185 298 2252 Lnrla,
313 2186 434 2260 Tyndari
444 2203 546 2250 uxore,
560 2187 669 2257 genuit:
684 2185 713 2238 in
755 2187 810 2236 neit
826 2185 970 2256 quelquesois
982 2205 1011 2237 en
1024 2187 1107 2255 grand
1116 2188 1211 2241 nombre
1224 2202 1264 2240 at-

204 2266 296 2318 coelnm
309 2267 428 2320 translati
443 2279 512 2319 eunt,
527 2262 591 2317 vid.
607 2272 664 2318 not.
679 2263 712 2317 ad
756 2264 834 2314 tnclte's
857 2284 907 2316 cue
931 2264 1019 2326 aniles,
1045 2285 1094 2317 ana
1113 2275 1192 2332 me'ts,
1213 2288 1264 2322 nien

204 2361 270 2398 vere.
290 2352 337 2410 td.
351 2347 460 2399 -Ηοο
473 2357 561 2399 autem
575 2345 635 2397 loeo
656 2362 712 2396 non
755 2343 890 2412 cordnges:
911 2345 971 2394 c'est
990 2363 1016 2395 ce
1037 2346 1110 2418 qu'on
1134 2349 1263 2418 appellele

204 2423 374 2496 intelligenda
389 2436 453 2479 cnut
474 2426 531 2497 ipen
548 2421 605 2478 carli
627 2421 712 2478 nidera
749 2422 795 2487 fert
826 2422 865 2475 St.
889 2423 969 2474 Elme.
1000 2425 1037 2474 Lo
1068 2426 1187 2491 reconde,
1218 2449 1263 2500 que

204 2523 262 2576 qun
278 2504 376 2559 Gemini
387 2505 574 2565 nominantur,
585 2502 633 2556 ned
643 2503 711 2573 igni·
754 2501 807 2552 leur
819 2504 954 2572 apparition
967 2514 1003 2552 est
1016 2521 1048 2554 un
1059 2506 1126 2574 signe
1139 2511 1261 2579 tres-iqui·

204 2584 257 2636 culi
274 2583 397 2656 qnidam,
418 2583 447 2638 in
461 2583 556 2638 mediis
571 2591 711 2654 tempesta·
753 2599 847 2653 noque,
860 2581 1003 2654 pnrirqu’elle
1015 2593 1051 2634 est
1064 2585 1207 2656 quelquesois
1216 2592 1264 2638 cui-

204 2664 275 2716 tibns
294 2683 355 2718 nera
376 2663 583 2735 pervolitantes,
579 2691 581 2696 .
597 2670 624 2715 et
638 2677 711 2714 num
754 2662 794 2710 oie
806 2661 867 2712 d'nn
879 2658 958 2713 retour
965 2661 995 2711 de
1005 2672 1101 2731 tempere
1108 2665 1165 2735 plane
1172 2668 1264 2720 violent

204 2744 296 2797 mitate
304 2744 367 2798 mali
375 2755 420 2796 aut
427 2743 547 2796 velorum
556 2740 712 2806 insidentes,
753 2759 835 2791 encore
847 2754 891 2812 que
904 2740 960 2791 ln'r
941 2743 1055 2810 premiere
1066 2755 1171 2815 ottoque.
1185 2745 1261 2799 Adde

204 2841 270 2893 quoe
295 2823 412 2876 Castoris
433 2835 459 2877 et
485 2821 600 2875 Pollucis
624 2819 710 2874 nidera
754 2819 823 2872 Plin.
842 2820 882 2880 11,
906 2819 951 2888 37
966 2819 1059 2873 Horat.
1074 2822 1131 2884 111,
1146 2823 1190 2877 od.
1209 2845 1259 2895 ι9,

205 2913 290 2956 naute
306 2903 494 2975 appellabant.
511 2901 531 2953 si
550 2901 649 2973 gemini
664 2919 710 2972 ap·
754 2903 842 2951 ν..6ι

204 2995 370 3072 paruerant,
407 2978 525 3036 necundo
562 2978 711 3050 gandebant
795 2977 860 3048 557.
877 2977 982 3048 Remige
999 2979 1193 3048 Charonte,de
1204 3001 1258 3052 quo

206 3079 294 3114 omine
303 3063 471 3132 navigantes
480 3080 501 3113 sr
513 3072 710 3125 onustantum
753 3056 808 3111 vid.
823 3058 900 3128 Virg
914 3060 1126 3130 AEn.V1‚a98.

205 3159 293 3211 pejora
299 3142 505 3214 augurabantur.
515 3139 607 3193 Senec.
618 3150 710 3210 queat.
795 3137 1258 3210 ὅόὃλιιαρνωὸιγςίιΝἰιςΰεοις.

205 3223 395 3287 natur-I,1:
416 3222 446 3274 In
466 3237 552 3289 magna
578 3230 711 3288 tenqrestote
754 3216 810 3280 tv,
835 3222 910 3286 679:
931 3243 942 3263 ι
1036 3215 1161 3288 tardaque
1181 3219 1258 3290 palnu

205 3313 333 3370 apparent,
348 3300 502 3373 quasistelloe
512 3299 710 3350 oelolrrsidenter.
753 3293 900 3347 inamabilis
913 3293 983 3348 unda
997 3295 1107 3366 infligat,
1123 3309 1149 3349 et
1166 3299 1258 3352 novies

204 3379 327 3450 Adsnmri
346 3400 370 3431 se
386 3392 442 3432 tunc
456 3379 616 3450 periclitantes
628 3380 711 3430 existi
754 3374 819 3444 Styx
831 3375 956 3427 interfuso
969 3387 1110 3428 coerect.»

205 3471 270 3510 ment
294 3459 402 3512 Pollucis
425 3472 449 3510 et
475 3458 582 3511 Castoris
608 3461 710 3510 numine.
794 3454 860 3506 560.
869 3454 1039 3525 Renpopulis,
1051 3467 1099 3508 etc
1114 3456 1192 3508 Pluto
1202 3457 1260 3525 plu

207 3536 248 3590 Ad
272 3557 352 3610 quern
375 3540 480 3600 locum,
500 3539 651 3606 Legrcnge:
666 3537 712 3588 Les
755 3523 952 3604 ribuspopulie'
946 3551 1075 3604 imperare
1086 3533 1201 3600 dicitur
1216 3549 1259 3590 nt·

206 3623 358 3670 noritonniers
371 3619 422 3670 leur
434 3618 564 3670 dementent
578 3617 599 3668 le
617 3635 671 3668 nom
683 3616 713 3667 de
755 3626 818 3684 poto
830 3614 878 3682 qui
889 3613 1008 3683 gentium
1021 3614 1142 3667 omnium
1154 3617 1261 3670 umbras

207 3696 295 3750 Castor
307 3709 332 3749 et
345 3698 374 3749 de
389 3699 498 3761 Petne,
516 3696 599 3768 quoted
617 3697 636 3748 il
647 3715 669 3767 y
684 3714 713 3746 en
755 3690 916 3746 subditione
930 3705 1034 3747 teneat:
1049 3713 1109 3746 eum
1124 3709 1201 3748 vocnt
1214 3695 1262 3749 Se·

205 3779 272 3828 ocnit
284 3778 364 3840 deun,
380 3789 402 3828 et
415 3779 476 3830 celni
487 3776 621 3836 d'He'ttne,
632 3775 716 3845 quand
756 3791 829 3837 neco,
838 3773 865 3824 in
880 3773 958 3825 Herc.
972 3773 1034 3826 OEt.
1047 3775 1117 3834 560.
1131 3774 1206 3827 turben
1215 3776 1260 3828 dn·

206 3855 398 3929 iln'yenonait
411 3856 549 3926 qn'nnriir
562 3855 714 3923 regardeient
757 3855 921 3922 cemvmojorr's.
936 3854 1063 3907 Defuncti
1076 3854 1262 3908 Grncinabno·
1355 3911 1358 3916 ,

206 3935 238 3984 les
255 3939 368 4006 premiere
385 3955 470 3987 comme
484 3955 516 3987 uri
530 3941 632 4005 pretege
640 3935 713 3999 fono·
755 3933 1018 4002 luteappellalrantnr
1028 3935 1048 3985 ni
1057 3936 1177 3997 πλείονες,
1190 3932 1264 4005 quod

207 4014 289 4076 reble,
308 4035 382 4086 poree
403 4035 447 4088 qne
470 4015 558 4066 Castor
579 4026 603 4064 et
624 4013 714 4064 Pollun
758 4029 807 4064 nec
826 4011 951 4064 Romanis
966 4013 1080 4066 insolens
1099 4015 1177 4068 tuine
1194 4026 1265 4084 patet

207 4097 389 4164 omrempnrge
401 4096 426 4146 ln
442 4115 491 4146 mer
503 4095 534 4146 de
546 4093 679 4163 bngemtsr
692 4104 717 4142 et
760 4110 792 4142 ex
805 4091 889 4143 Plaut.
903 4091 1025 4145 Trinum.
1035 4105 1084 4144 act.
1099 4094 1142 4156 ll,
1155 4111 1224 4145 socri.
1239 4113 1264 4155 ι,

209 4173 230 4222 le
251 4175 339 4228 second
353 4195 439 4226 comme
452 4177 564 4235 sinistre,
578 4193 650 4244 parce
672 4193 716 4242 qne
762 4191 788 4222 v.
804 4189 834 4223 ιι
845 4189 851 4223 :
864 4197 873 4217 ι
886 4171 1267 4244 Lacryrnnslroecmihi,quurn

1046 4278 1085 4349 5²
