3090 5142
377 579 483 645 xxxiv
520 577 627 650 DAN.
646 583 815 651 HEINSII
840 583 903 651 DE
927 585 1001 652 HIS
1026 580 1302 652 TRAGOEDllS

379 696 490 780 Qualis
509 715 578 763 erat
592 700 654 766 iste
672 702 799 782 loarus,
818 706 874 789 qui
892 704 1010 790 (verba
1027 718 1105 769 sunt
1120 699 1317 788 Tranquilli)
1330 708 1444 789 premo

373 811 483 874 statim
498 823 613 873 conatu
615 808 722 898 juxto
739 805 914 872 cubiculum
926 809 994 898 ejus
1011 808 1138 890 decidit,
1155 809 1319 895 t'psumque
1329 827 1444 870 cruore

374 917 528 1002 respersit.
539 913 628 978 Idem
644 934 747 1000 quum
761 911 911 977 insanum
926 915 1099 980 Herculem
1116 927 1277 994 cantaret,
1294 913 1444 976 evenisse

376 1037 540 1108 putamus.
560 1019 690 1084 Marcus
706 1039 780 1081 raro
793 1018 978 1112 Stoicorum
997 1021 1166 1110 opiniones
1183 1017 1353 1082 interserit
1371 1018 1443 1082 Lu·

375 1127 443 1190 cius
457 1149 519 1190 nec
534 1124 666 1212 Epicuri
682 1124 732 1188 sui
747 1145 807 1187 nec
824 1123 1005 1189 Metrodori
1024 1125 1221 1204 dissimulat,
1241 1123 1347 1211 quiin
1368 1122 1441 1203 ejus

372 1234 604 1323 philosophicis
622 1233 771 1322 paginam
783 1247 956 1320 utramque
973 1234 1103 1298 faciunt.
1116 1235 1155 1297 In
1165 1230 1347 1296 Troadibus
1358 1252 1442 1294 vero

374 1339 469 1428 plena
482 1363 583 1404 manu
595 1339 715 1428 spargit
728 1360 779 1403 eas
796 1354 895 1426 atque
910 1355 1065 1421 ostentat,
1081 1340 1165 1418 siout
1183 1359 1256 1402 suas
1269 1357 1352 1423 saepe
1369 1337 1441 1400 Eu-

373 1444 502 1532 ripides.
511 1443 611 1527 Quod
620 1444 755 1508 istarum
767 1443 1010 1524 rerumjudices
1025 1453 1261 1525 πολυπραγμοσύνην
1275 1439 1439 1505 dixerunt.

373 1547 478 1637 quue
495 1550 565 1614 sine
587 1564 678 1630 nota,
703 1547 760 1611 ubi
777 1548 940 1612 affectatio
964 1549 1074 1630 abest,
1103 1546 1192 1612 adest
1217 1545 1353 1626 modus,
1380 1546 1439 1632 qni

372 1653 519 1742 Euripidi
535 1677 603 1719 non
619 1675 692 1720 raro
709 1653 818 1736 deest,
832 1654 952 1718 Lucius
972 1662 1083 1720 autein
1103 1673 1284 1740 numquam
1300 1649 1437 1716 exoedit.

372 1758 469 1824 Nihil
482 1783 545 1824 esse
556 1773 780 1848 post-mortem
798 1759 933 1847 Eptirun'
947 1760 1056 1826 schola
1074 1775 1141 1841 est,
1160 1759 1206 1823 ait
1220 1758 1269 1823 vir
1287 1755 1439 1822 eruditis·

373 1865 474 1929 simus
487 1865 718 1930 Tertullianus:
732 1881 766 1929 et
778 1887 855 1929 mox
865 1867 958 1930 Lucii
975 1867 1164 1956 opinionem
1178 1865 1367 1954 subjungit,
1379 1864 1438 1951 qui

373 1971 437 2036 hoc
455 1987 526 2038 toto
550 1972 655 2036 choro
676 1971 749 2061 egit.
778 1972 817 2035 In
844 1994 912 2060 quo
937 1995 1006 2037 non
1032 1988 1098 2038 tam
1114 1972 1227 2062 posuit
1245 1970 1437 2060 opinionem

373 2099 465 2141 suam
480 2099 580 2166 quam
592 2075 941 2144 confirmavitEadern
961 2080 1049 2144 enim
1066 2080 1100 2144 in
1115 2077 1267 2167 Epistolis
1281 2075 1323 2141 ad
1339 2075 1437 2139 Luci·

373 2179 464 2247 lium.
478 2183 521 2247 Et
531 2183 572 2248 ad
585 2183 722 2246 verbum
733 2204 836 2270 prope
845 2182 879 2245 in
889 2181 1120 2248 Consolatione
1134 2183 1174 2248 ad
1184 2183 1346 2248 Marciam.
1356 2182 1436 2260 Hic,

513 2313 631 2380 Quietis,
646 2331 700 2386 qno
717 2315 805 2386 jaceas
821 2322 882 2385 post
898 2313 1000 2368 obitum
1014 2313 1096 2368 loeo?

512 2401 575 2469 Quo
587 2421 642 2456 non
657 2413 719 2456 nata
730 2402 829 2473 jacent.

373 2536 446 2603 lbi:
464 2567 477 2594 ι
490 2537 577 2603 Mori
594 2539 744 2603 omnium
762 2537 914 2628 dolorum
934 2555 967 2606 et
984 2540 1103 2606 solutio
1120 2556 1170 2606 est
1191 2555 1224 2606 et
1245 2537 1335 2618 finis,
1353 2536 1436 2602 ultra

373 2663 472 2730 quam
496 2643 580 2710 mala
596 2659 707 2709 nostra
733 2667 800 2709 non
824 2661 955 2710 exeunt.
983 2643 1066 2729 Quae
1092 2668 1154 2709 uos
1176 2645 1210 2708 in
1233 2643 1319 2709 illam
1342 2663 1432 2712 tran·

237 2791 242 2800 .
271 2741 275 2744 ’
372 2746 584 2833 quillitatem,
609 2749 645 2814 in
664 2773 728 2840 qua
751 2765 927 2837 antequam
951 2773 1158 2816 nasceremur
1176 2753 1359 2838 jacuimus,
1383 2777 1435 2819 re·

371 2852 475 2941 ponit.
498 2853 533 2920 si
554 2871 761 2921 mortuorum
783 2854 899 2946 aliquis
928 2856 1114 2941 miseretur,
1132 2873 1166 2922 et
1191 2882 1259 2923 non
1285 2875 1434 2925 natorum

372 2959 685 3045 miserantum-llic,
1330 2968 1334 2976 ’

512 3086 576 3142 Post
587 3098 700 3186 mortem
712 3087 781 3144 nihil
795 3082 849 3152 αι’,
869 3089 980 3163 ipsaque
993 3108 1066 3147 mors
1078 3090 1154 3146 nihil.

372 3225 438 3290 lbi:
457 3225 571 3292 «Mors
586 3251 647 3293 nec
662 3229 788 3294 bonurn
805 3251 868 3295 neo
882 3231 1004 3296 malum
1023 3249 1081 3297 est.
1100 3233 1139 3298 ld
1153 3235 1240 3298 enim
1257 3249 1366 3322 potest
1380 3252 1435 3298 aut

369 3331 498 3397 'bonum
510 3350 567 3399 aut
581 3335 701 3399 malum
718 3357 806 3418 esse,
819 3335 909 3424 quod
922 3337 1044 3426 aliquid
1054 3353 1103 3404 est
1115 3362 1124 3404 t
1134 3337 1226 3426 quod
1238 3361 1316 3404 vero
1327 3340 1433 3428 ipsum

374 3437 453 3500 nihil
470 3453 538 3518 est,
560 3454 593 3504 et
612 3440 722 3504 omnia
739 3441 773 3504 in
793 3433 931 3510 nihilum
956 3441 1091 3530 redigit,
1110 3443 1190 3508 nulli
1210 3465 1270 3508 nos
1296 3445 1433 3508 fortunae

374 3541 502 3606 tmdit.·
519 3543 596 3626 Hie,
709 3599 710 3602 η

516 3707 770 3726 ...............
787 3671 900 3725 Tonosa
913 3681 940 3724 et
951 3688 1042 3742 aspero

511 3759 633 3830 Regnum
646 3761 697 3813 tuh
715 3759 843 3824 domino,
857 3759 938 3813 limen
949 3770 975 3812 et
986 3759 1110 3813 meldens

513 3845 608 3902 Custos
622 3863 677 3902 non
691 3846 762 3902 lucili
775 3845 907 3900 Cerberus
919 3846 1004 3910 ordo,

511 3935 641 3990 Rumores
654 3937 733 3990 steni
747 3935 882 4010 verbaque
894 3934 997 3999 inanit,

512 4021 546 4074 Et
560 4039 608 4094 par
621 4021 732 4076 sollicito
745 4021 836 4076 fabule
850 4020 961 4074 somnio.

370 4161 420 4224 uu
447 4181 455 4223 ι
478 4159 583 4237 mn,
607 4179 680 4244 qus
704 4159 798 4222 nobo
822 4159 946 4224 interos
972 4158 1094 4224 faciunt
1116 4159 1292 4242 terribiles,
1321 4161 1431 4226 tuuis.
