3210 5140
352 546 419 620 150
638 547 678 614 L.
706 547 886 617 ANNAEI
911 549 1128 619 SENECAE

347 686 421 752 Hoc
436 707 479 750 cn
492 695 684 776 peremptus
701 679 827 776 spiculo
842 681 963 752 cecidit
975 709 1068 779 puer.

347 812 460 858 turn.
479 791 553 857 Hoc
571 790 658 855 Juno
676 786 780 857 telum
798 789 950 860 manibus
972 791 1080 859 emisit
1098 792 1173 860 tuis.
1403 865 1410 892 Ι

348 919 451 964 nnnc.
462 899 536 964 Hoc
548 919 637 963 nunc
646 919 709 988 ego
722 899 1144 991 utar.smr11.Eccc,quam
1155 899 1314 966 miserum
1324 913 1418 968 metu

256 1033 259 1042 ⁴
347 1004 416 1070 Cor
430 999 588 1096 palpitat,
603 1025 791 1097 corpusque
810 1000 985 1072 sollicitum
1002 999 1093 1070 ferit!

347 1131 451 1176 nnnc.
466 1109 589 1202 Aptata
603 1107 731 1176 arundo
746 1122 933 1178 cetarum.
944 1111 1032 1177 Ecce
1042 1108 1112 1202 jorn
1128 1109 1227 1180 facies
1241 1111 1347 1181 scelus
1366 1141 1418 1182 a..

346 1212 471 1282 Volens
487 1215 667 1307 sciensque.
683 1213 814 1298 Pande,
829 1213 907 1308 quid
923 1215 995 1284 fieri
1008 1213 1126 1308 jubes?

348 1449 456 1520 quentia
464 1448 583 1519 placetur
589 1446 725 1509 Hercules,
735 1458 761 1498 et
768 1445 802 1498 ad
812 1446 861 1498 mi·
903 1446 1007 1500 invenit
1023 1447 1121 1513 verba,
1136 1448 1235 1519 quibus
1249 1467 1313 1502 eum
1325 1464 1419 1522 pergat

349 1529 430 1581 tiores
445 1545 535 1580 sensus
547 1525 647 1579 redeat.
663 1527 703 1578 De
718 1526 860 1578 hocversu
903 1525 1057 1594 dehortari;
1078 1525 1127 1580 sed
1145 1540 1294 1582 extremum
1314 1543 1417 1584 metum

348 1620 376 1660 et
389 1625 462 1678 seqq.
476 1605 581 1660 abunde
596 1618 624 1658 et
641 1616 718 1659 acute
733 1603 860 1658 disseruit
903 1624 982 1658 snum
1007 1617 1034 1658 et
1055 1625 1185 1660 summam
1209 1609 1417 1664 sollicitudinem

348 1687 515 1751 Gronovius,
525 1698 555 1738 ut
561 1687 621 1738 loco
627 1686 661 1739 ab
669 1685 860 1756 interpretibus
902 1686 983 1738 rebus
998 1697 1025 1738 et
1039 1698 1194 1756 argumento
1209 1688 1334 1754 exhibet,
1351 1692 1417 1743 Ecce

347 1767 441 1819 vitiato
457 1779 484 1819 et
499 1767 570 1818 salsa
585 1783 760 1837 personarum
771 1763 859 1836 dispo·
907 1783 979 1835 quom
999 1769 1108 1818 miserum
1133 1779 1195 1818 nsetu
1222 1767 1273 1820 Cor
1291 1771 1415 1840 palpitat,
1462 1823 1465 1830 ,

348 1846 437 1900 sitioni
451 1845 604 1900 mederetur
624 1859 632 1894 ε
653 1847 764 1914 «Caput
779 1845 860 1916 hujus
899 1857 1028 1915 pectusque
1048 1845 1175 1898 sollicitum
1187 1848 1312 1913 ΜΗ...
1326 1849 1418 1920 Pergit

346 1943 454 1990 versus,
474 1926 577 1998 inquit,
595 1923 715 1978 dandum
737 1936 776 1976 est
794 1926 860 1976 Arn-
903 1923 991 1976 tamen
1003 1923 1130 1977 Hercules
1141 1938 1167 1978 et
1177 1925 1260 1978 telum
1271 1927 1300 1980 in
1308 1927 1341 1980 'sc
1353 1947 1414 1996 rer-

308 2019 313 2028 ·
347 2003 860 2078 plritryoni.1sanimadvertensamotis
903 2003 950 2068 tit,
963 2001 1070 2069 dicens,
1088 2005 1185 2074 Aptata
1202 2006 1295 2058 unrado
1313 2020 1355 2060 est.
1377 2010 1417 2062 Ita

347 2087 428 2138 armis
445 2085 588 2139 Herculem
604 2083 688 2156 magis
701 2083 818 2148 irritari,
833 2095 861 2137 et
902 2083 984 2136 stanti
996 2095 1024 2136 et
1038 2081 1073 2136 de
1084 2097 1204 2137 extremo
1220 2100 1356 2140 momento
1369 2085 1417 2140 de·

347 2183 434 2237 prope
449 2163 596 2218 secundum
610 2165 728 2216 lusorem
742 2181 862 2226 esse,se·
902 2162 1029 2215 liberanti
1055 2162 1176 2235 trepidus
1204 2183 1313 2218 rursum
1338 2168 1418 2220 instat

347 2245 400 2298 tius
424 2243 499 2298 ducit
520 2263 549 2297 ea
575 2244 714 2297 restituere
737 2239 860 2296 nondum
903 2242 1079 2314 Amphitryo,
1099 2245 1165 2296 Ecce
1178 2246 1232 2314 jum
1243 2247 1322 2312 facies
1342 2248 1417 2300 estu

346 2343 454 2395 prorsus
476 2325 585 2377 efferato
587 2363 657 2376 .....
676 2321 743 2386 Quat
758 2322 860 2376 Herou-
907 2323 989 2374 roim
1003 2326 1232 2395 erumpuntque
1244 2325 1324 2395 hujus
1339 2327 1419 2380 unius

347 2404 385 2456 les
399 2404 544 2476 recipiens,
556 2404 637 2474 paulo
651 2401 792 2472 placatior,
808 2401 861 2466 ait,
902 2420 1021 2472 personas
1033 2415 1073 2456 est
1084 2403 1171 2456 omnis
1183 2423 1271 2457 sermo
1287 2423 1370 2477 usqne
1383 2405 1418 2458 ad

349 2485 379 2537 V
375 2504 407 2535 oe
417 2497 453 2535 est
458 2485 534 2554 ds'gna
541 2487 648 2552 genitore
657 2483 786 2544 rtercutts,·
797 2481 861 2534 l'sois
903 2499 971 2534 vers.
990 2482 1080 2548 1314,
1094 2483 1141 2535 ubi
1155 2482 1299 2555 respondet
1310 2487 1365 2554 jam
1375 2505 1418 2539 se·

348 2562 423 2634 qnod
438 2576 464 2616 tc
481 2561 593 2634 dignum
608 2574 666 2616 est:
682 2579 768 2632 neque
787 2561 861 2614 enim
904 2559 981 2614 dutus
997 2575 1024 2615 et
1038 2561 1187 2616 concedens
1202 2563 1338 2618 Hercules.
1351 2591 1363 2612 ι
1375 2567 1419 2618 De

349 2641 441 2708 decet,
457 2644 503 2715 qui
523 2642 644 2696 Herculis
664 2639 754 2694 audiat
766 2652 861 2712 pater,
904 2641 1040 2712 Lessingio
1051 2660 1176 2714 personas
1187 2643 1264 2696 aliter
1276 2642 1419 2716 disponen-

348 2724 524 2776 instrnmenta
549 2722 640 2794 glories
666 2721 723 2773 lilio
743 2721 861 2774 involare
904 2734 948 2786 te,
964 2721 1026 2774 ride
1044 2721 1186 2776 Animadv.
1206 2735 1317 2777 nostras.

349 2816 395 2855 aut
412 2821 512 2856 meere.
528 2803 613 2854 Porro
626 2801 753 2853 Hercules
769 2814 861 2853 tenens
949 2805 1032 2870 1298.
1052 2803 1132 2872 Quum
1149 2805 1255 2855 mucram
1274 2815 1351 2867 netu,
1367 2816 1417 2858 etc.

348 2901 431 2935 manu
449 2883 533 2936 telum
553 2893 580 2934 et
596 2880 758 2952 inspiciens,
776 2893 803 2934 et
818 2881 861 2933 sti·
905 2879 1005 2936 Horret
1025 2881 1186 2953 Amphitryo
1201 2885 1356 2954 proximum
1369 2901 1419 2936 ne·

349 2963 452 3016 mulana
473 2960 593 3014 dolorem
611 2979 690 3014 sunm
711 2957 744 3012 ad
767 2977 860 3012 manus
904 2959 959 3024 sas,
972 2960 1111 3015 minitante
1124 2961 1276 3016 Herculeae
1287 2961 1346 3016 telis
1355 2981 1420 3016 usu·

347 3043 398 3095 sibi
418 3039 570 3094 inferendas
596 3041 652 3105 ait,
673 3041 730 3092 Hoc
751 3060 781 3091 en
802 3059 860 3108 per-
905 3057 967 3093 rum
980 3041 1074 3094 utsibi
1087 3053 1199 3094 mortem
1213 3043 1317 3096 inferat.

348 3134 439 3193 emptus
456 3121 548 3191 spiculo
571 3120 656 3174 cecidit
672 3139 748 3189 puer,
763 3119 861 3189 quibus
922 3127 923 3132 ’
949 3137 1031 3188 ¹²99·
1043 3120 1094 3173 Cor
1101 3121 1225 3191 palpitat,
1239 3141 1304 3192 corp.
1316 3122 1416 3176 sollicit.

349 3213 492 3254 mactatum
507 3199 591 3252 tilium
606 3211 634 3251 et
649 3211 781 3269 patratum
802 3217 863 3269 per·
901 3199 970 3266 serit.
988 3197 1042 3250 Cor
1057 3212 1181 3253 moretur
1194 3213 1221 3254 et
1236 3201 1296 3254 sslit
1310 3199 1340 3254 in
1356 3219 1418 3254 cor·

348 3279 473 3336 ricidium
497 3280 548 3334 sibi
568 3280 625 3350 ipse
646 3279 797 3350 exprobret.
825 3282 862 3330 st
905 3297 985 3350 pore,
1001 3279 1099 3332 utfieri
1113 3279 1142 3331 in
1155 3293 1228 3334 metu
1242 3293 1268 3333 et
1282 3293 1418 3351 exspecta-

347 3361 449 3414 leniens
469 3358 600 3415 invidiam
618 3359 682 3412 lacti
697 3358 860 3429 Amphitryo
906 3357 981 3410 tione
996 3359 1070 3412 solet.
1085 3359 1171 3412 Plaut.
1187 3361 1217 3412 in
1231 3361 1349 3414 salutar.
1365 3372 1417 3413 act.

348 3441 455 3511 subjicit
470 3451 622 3510 opportune
638 3439 748 3492 arietem
764 3437 862 3504 illum,
906 3437 957 3501 lv,
974 3455 1046 3491 scen.
1073 3444 1107 3501 ἢ,
1128 3458 1154 3493 r.
1174 3439 1191 3492 3
1215 3458 1222 3493 :
1250 3465 1261 3486 ι
1277 3439 1418 3494 Continuo

349 3521 421 3572 telum
433 3539 504 3572 maists
507 3521 617 3589 fugisse,
632 3537 681 3572 ceu
692 3537 750 3571 uon
758 3530 863 3572 tantiam
907 3535 997 3570 meum
1014 3535 1061 3571 cor
1077 3518 1158 3588 ooepit
1174 3531 1257 3573 ortem
1273 3519 1359 3572 fucere
1374 3519 1419 3572 lu·

348 3601 436 3652 bonna
464 3600 631 3670 imperator,
659 3617 752 3650 verum
781 3599 862 3651 etism
908 3596 1415 3670 dieram,Atqueinpectnsemiosre..

346 3679 549 3750 jurisconsultus
552 3717 639 3731 ......
652 3677 780 3731 Hercules
794 3679 861 3731 nihil
905 3676 1095 3741 Tibull.lib.1,
1106 3677 1173 3747 eleg.
1186 3697 1266 3743 ro,v.
1282 3697 1332 3731 1²:
1345 3679 1419 3732 «Nec

349 3771 440 3811 motus
452 3757 503 3810 hac
516 3755 702 3811 extenuatione
716 3757 792 3822 facti,
807 3777 861 3810 mn·
906 3753 1036 3808 audissem
1057 3754 1139 3810 corde
1156 3757 1269 3811 micante
1289 3759 1389 3811 tubum.
1402 3785 1414 3806 a

348 3838 388 3908 gis
404 3837 488 3908 aperit
506 3837 647 3890 consilinm
665 3835 739 3889 dese
758 3836 861 3890 interli-
905 3834 1086 3890 *Sollicitum
1097 3841 1129 3888 ad
1138 3856 1195 3901 cor,
1208 3857 1264 3892 non
1272 3837 1305 3890 ad
1317 3857 1416 3908 sorpto,

348 3915 459 3981 ciendo,
469 3917 525 3968 Hos
536 3937 598 3970 nunc
607 3937 652 3987 ego
664 3929 738 3969 utar:
751 3917 859 3970 «Fuerit
905 3913 1075 3969 referendum
1088 3928 1136 3970 est.

349 4008 409 4048 ante
422 3997 474 4050 hoc
485 3998 538 4050 telo
551 4015 597 4050 usa
608 3999 624 4049 J
627 4016 695 4063 nno;
708 4015 781 4050 nunc
791 3995 859 4050 dun·
946 3996 1025 4049 1300.
1036 3997 1135 4066 Aptata
1146 3997 1240 4048 arundo
1253 4009 1297 4050 est.
1308 3996 1419 4050 Scilicet

348 4089 419 4129 taxat
432 4096 481 4148 ego
494 4090 578 4130 utar.»
593 4077 714 4130 Territus
727 4089 781 4128 tam
794 4077 874 4147 pras-⁸
902 4093 961 4128 eam
974 4075 1075 4145 pectori
1091 4074 1218 4129 admovit.

271 4198 274 4205 .
346 4157 436 4228 cipiti‘
451 4155 651 4210 denuntiatione
681 4155 859 4226 Amphitryo,
947 4155 1032 4212 1301.
1045 4155 1149 4218 Pande,
1165 4167 1216 4212 ete.
1233 4154 1361 4212 auditote
1374 4156 1419 4208 in·

347 4235 380 4288 ad
398 4236 522 4290 ultimum
533 4235 637 4288 timoris
655 4233 793 4300 admotus,
804 4253 859 4288 non
904 4235 1124 4306 terpretationem
1140 4235 1291 4290 Gronovii:
1311 4235 1419 4290 uverba

1445 3987 1460 4022 0
