3070 5158
359 533 428 629 47⁸
695 527 751 598 ut
777 525 1090 597 unffi-urssis

406 653 538 727 Exarsit
555 652 627 720 ira:
645 664 697 717 ter
715 647 787 717 fero
804 647 1058 742 circumplicaut

407 763 574 837 Scelerata
591 783 677 828 nexu
696 758 852 845 brachis,
875 773 910 828 et
927 774 1043 854 pectus
1056 759 1232 854 premunt,
1392 799 1423 834 „r

407 879 503 947 Nexu
519 871 674 967 quidem,
695 893 763 937 nou
782 893 853 938 esse
875 870 933 963 qui
955 867 1097 938 fratrum
1117 871 1223 958 solet,

407 990 451 1056 At
472 1007 571 1079 quem
590 995 779 1050 exsecretur
792 979 882 1048 orbis
901 993 935 1048 et
957 979 1061 1073 fugiat
1082 979 1171 1067 dies,

404 1101 558 1188 Tuosque
574 1090 705 1178 deceat,
726 1088 875 1183 oudipe„
889 1101 921 1157 ct
937 1088 1050 1158 deceat
1063 1112 1166 1159 meos.

403 1204 497 1294 Quid
514 1201 652 1273 extraho
671 1199 840 1268 narrando
861 1197 1040 1267 barbarum
1056 1196 1167 1268 scelus

405 1313 545 1386 Infauda
565 1311 698 1379 mater?
716 1309 848 1403 penitus
867 1308 933 1376 ima
952 1309 986 1374 in
1005 1307 1131 1377 viscera

409 1425 557 1498 Adactus
576 1421 663 1490 ensis
678 1433 797 1488 mutuo
811 1417 1054 1487 transverberat

403 1542 486 1607 Fera
504 1531 605 1603 corda
623 1531 715 1617 nisu;
736 1527 883 1622 pondere
902 1527 1040 1596 immani
1059 1541 1181 1615 munt,

335 1651 341 1662 '
403 1654 584 1738 Fratcrque
598 1642 745 1711 moriens
765 1638 925 1734 sanguine
946 1639 982 1714 in
1002 1637 1113 1706 fratris
1133 1653 1239 1707 natat.

404 1781 477 1827 (nn.
492 1757 582 1822 Bene
596 1751 719 1819 habet:
736 1748 802 1818 mei
816 1761 913 1835 sunt3
926 1772 1027 1817 nosco
1043 1747 1212 1818 funestam
1228 1748 1386 1838 indolem,

405 1867 537 1961 Agitata
554 1861 634 1931 diris
652 1873 788 1954 pectora
803 1881 949 1954 agnosco
962 1857 1077 1928 libens.
1385 1897 1418 1934 „s

410 1973 541 2049 Cecidit
560 1971 711 2066 superbae
732 1983 818 2042 tetra
837 1971 1014 2064 progenies
1027 1968 1166 2056 domus,

404 2083 559 2154 Cecidere
576 2080 695 2165 fastus,
718 2098 888 2174 regnaque
902 2092 936 2147 et
949 2101 1044 2172 reges
1054 2080 1177 2173 jacent

403 2197 473 2261 Hos
491 2191 574 2259 mihi
593 2203 730 2283 paterna
752 2187 839 2258 caede
861 2186 997 2282 pollutae
1016 2213 1154 2275 manus,

403 2306 472 2371 Hos
490 2297 573 2368 mihi
591 2297 782 2392 triumphos
803 2311 927 2385 mater,
946 2298 1007 2367 has
1025 2297 1137 2368 lauros
1156 2299 1246 2370 tulit.

403 2410 546 2482 Scelesta
564 2431 696 2477 amarus
717 2406 837 2500 gaudia
856 2421 997 2477 comunt
1013 2407 1124 2493 doior;

405 2519 536 2604 Tarde,
554 2517 612 2586 sed
630 2517 701 2586 acri·
718 2517 870 2585 verberat
888 2519 995 2612 flagro
1013 2518 1104 2588 deus.

401 2631 501 2699 Stetit
512 2629 578 2696 heu
593 2625 735 2720 Pelasgis
750 2626 868 2719 quanti
881 2642 914 2696 et
932 2627 999 2697 heu
1015 2629 1131 2722 quanti
1147 2631 1243 2699 stetit

401 2738 523 2809 Libido
538 2735 715 2831 parricidae
728 2749 767 2804 et
781 2737 963 2832 impostum
984 2739 1090 2832 impio

402 2850 565 2920 Diadema
581 2843 715 2916 vertici!
737 2869 837 2940 quarn
855 2847 976 2918 acerbo
995 2847 1156 2918 diffluunt

402 2959 548 3031 Cadmea
564 2951 651 3025 fletu
664 2956 802 3044 misnia,
819 2969 852 3026 et
870 2958 1088 3027 stridentibus

400 3075 495 3140 Mors
512 3083 583 3137 atra
605 3067 723 3160 pennis
741 3067 824 3136 urbe
847 3067 1002 3136 damnata
1022 3067 1130 3139 volat!
1174 3065 1177 3074 ’

399 3181 479 3268 Quo
498 3192 608 3248 vertar
623 3174 815 3246 infaustus?
833 3179 946 3246 animo
965 3177 1120 3272 invigilat
1138 3183 1253 3268 truci,

400 3293 583 3382 Poeuasque
602 3285 760 3355 scelerum
780 3310 884 3356 saevus
904 3301 1033 3356 exercet
1054 3288 1158 3358 firror.
1273 3379 1276 3386 y

400 3403 454 3469 An
472 3421 537 3492 qua
557 3397 728 3467 Cithaeron
745 3399 842 3467 sareu
862 3398 969 3491 surgit
983 3399 1090 3494 jugo,
1186 3431 1190 3440 ·

400 3508 580 3594 scandam,
598 3521 630 3575 et
648 3531 708 3600 per
724 3505 805 3576 altas
824 3509 947 3576 montis
964 3509 1098 3602 abrupti
1118 3511 1210 3596 vias,

400 3621 526 3688 Parcus
549 3615 711 3701 nefastus,
728 3641 849 3711 corpus
863 3618 899 3685 in
917 3611 1062 3714 praeceps
1079 3633 1201 3713 agatii,

399 3733 448 3798 Ut
467 3726 616 3795 membra
633 3727 739 3796 acutis
755 3729 855 3796 scissa
873 3726 1178 3800 silicum-dentibus

399 3837 561 3930 Trophaea
581 3835 646 3903 late
666 3837 837 3931 sanguinis
860 3837 924 3906 diri
944 3837 1153 3932 explicent?“

401 3951 453 4016 An
470 3944 534 4012 ima
549 3944 673 4014 ferrum
694 3946 804 4015 cordis
824 3947 856 4015 in
871 3946 1060 4042 penetralia

400 4055 613 4150 Impingam?
630 4081 672 4124 an
691 4057 804 4126 avidos
823 4059 915 4126 vivus
933 4057 1214 4151 insiliam·mgos·,
1387 4098 1421 4138 ,s
