3210 5140
448 567 980 636 ANIMADVERSIONES.
1176 567 1238 635 181

183 696 254 750 idern
274 697 373 748 lactum
392 699 550 762 memorari,
568 715 663 767 nempe
681 696 870 767 quinquaginta
890 695 1003 765 virgines
1022 712 1086 766 quas
1104 696 1248 766 Thespius,

182 777 354 829 Teuthrantis
374 775 456 842 lilius,
476 789 618 848 genuerat,
636 778 669 829 ab
687 775 802 828 Hercule
819 793 988 847 compressas.
1010 775 1117 826 Nullam
1136 773 1246 846 quidem

183 874 285 909 musam
300 853 471 927 repudianda
483 856 594 927 vulgate
609 856 766 917 attulerant3
789 854 835 908 sed
851 854 1018 920 Gronovius,
1034 867 1170 907 uteorum
1185 873 1246 908 sen-

184 936 293 988 tentiam
310 933 464 988 adfirmaret
480 953 486 988 τ
507 936 585 1000 «Qui
601 953 707 988 eversus
720 935 854 1004 Eurytus,
870 935 970 1006 inquit,
984 932 1037 987 dici
1055 935 1143 1004 potuit
1156 936 1245 1005 Lyco,

183 1033 269 1085 quum
292 1015 414 1067 ultimam
435 1016 555 1067 omniurn
579 1035 636 1068 eam
657 1015 801 1086 susceperit
826 1013 1022 1086 expeditionem
1050 1013 1193 1078 Hercules,
1219 1027 1245 1066 et

183 1094 313 1165 Dejanirae
325 1094 456 1148 maritus?
468 1095 513 1148 rix
530 1107 616 1167 potest
633 1095 661 1146 in
675 1113 705 1146 re
721 1107 773 1147 tam
792 1107 854 1146 nota
870 1094 961 1146 errari.
977 1093 1017 1146 Ut
1034 1092 1133 1146 scilicet
1147 1107 1245 1164 poeta,

183 1173 344 1246 quicumque
362 1175 445 1228 tuerit
461 1175 506 1227 ille
521 1172 644 1240 tandem,
663 1173 802 1246 Sophoclis
814 1173 969 1226 Trachinius
988 1185 1032 1227 aut
1052 1171 1143 1226 Ovidii
1162 1173 1246 1226 Meta·

183 1253 291 1324 morph.
305 1253 387 1307 libros
401 1272 456 1306 non
469 1253 583 1325 legerit?
596 1280 607 1302 ι
624 1255 746 1306 Attamen
759 1253 878 1306 Gronov.
894 1271 1039 1306 nonnosus
1052 1265 1091 1306 est
1101 1266 1203 1314 mutare
1217 1253 1245 1306 iu

183 1343 310 1384 contextu
325 1334 475 1403 vulgatam,
491 1335 603 1387 Etrusco
618 1352 724 1404 quoque
737 1331 829 1386 codice
841 1333 981 1394 sancitam,
997 1344 1123 1404 reputans
1138 1345 1245 1386 catero-

183 1411 249 1482 quin
265 1431 321 1464 non
338 1431 437 1465 novum
452 1431 508 1466 esse
524 1415 629 1466 Senecae
645 1431 769 1484 personas
781 1425 883 1466 veteres
896 1424 922 1465 et
936 1431 1028 1464 earnm
1040 1413 1169 1466 vocabula
1182 1431 1246 1466 con·

184 1488 305 1544 fundere.
320 1490 375 1545 Suo
389 1491 516 1545 fidentior
525 1491 627 1565 judicio
640 1493 731 1546 Jacob.
746 1493 898 1545 Gronovius
916 1493 1069 1544 Teuthrantis
1082 1493 1165 1544 hocin
1181 1491 1245 1546 edit.

184 1563 289 1638 (1682)
309 1570 430 1637 admisit,
451 1571 523 1644 quod
545 1574 652 1645 Bipnut.
674 1573 752 1626 Both.
774 1571 837 1624 Bad.
858 1591 993 1643 recepere,
1012 1583 1039 1624 et
1059 1590 1107 1624 suo
1126 1569 1247 1624 Schresd.

183 1649 289 1703 silentio
305 1653 480 1723 comprobare
492 1653 563 1705 risus
575 1664 621 1704 eat.
635 1653 735 1706 Eorum
748 1652 868 1723 opinioni
886 1669 934 1704 cur
952 1671 1006 1704 uon
1025 1651 1206 1722 obtemperem
1221 1664 1247 1704 et

182 1731 320 1784 restituam
334 1731 378 1782 hoc
390 1727 489 1802 Euryti,
505 1732 586 1784 fusius
600 1731 796 1803 exponendum.
816 1721 842 1783 1⁰
857 1732 947 1784 Unum
962 1743 1065 1783 tautum
1078 1730 1187 1787 Herculi
1201 1749 1248 1782 es-

184 1811 306 1879 probrari
322 1811 423 1864 nelarie
435 1810 578 1869 admissum
592 1812 744 1883 neutiquam
761 1829 866 1864 necesse
880 1824 918 1864 est
931 1828 938 1862 :
951 1811 1034 1862 immo
1050 1809 1142 1863 debuit
1159 1812 1247 1880 Lycus

184 1889 259 1959 plura
271 1890 393 1944 conferre
402 1891 435 1944 ab
445 1892 558 1945 Hercule
567 1911 706 1962 perperam
716 1903 832 1962 patrata,
845 1909 894 1943 nec
905 1892 1034 1942 aJunone
1043 1902 1088 1942 aut
1098 1890 1247 1960 Eurystheo

182 1971 261 2038 jussa.
275 1967 350 2034 Quid
365 1983 455 2024 autem
472 1972 559 2042 potuit
574 1970 635 2042 eligi
648 1971 714 2042 Lyci
727 1971 863 2042 proposito
877 1970 1092 2034 convenientius,
1110 1988 1188 2040 quam
1202 1971 1248 2022 illa

185 2049 281 2119 Euryti
295 2062 322 2102 et
335 2050 451 2103 liliorum
463 2053 518 2122 ejus
532 2050 628 2114 caedes,
641 2052 674 2104 ab
688 2052 802 2104 Hercule
815 2050 906 2120 inique
920 2063 947 2102 et
960 2048 1103 2103 crudeliter
1115 2063 1142 2102 et
1154 2064 1248 2120 sponte

185 2127 270 2180 lacta?
282 2127 317 2181 de
332 2147 383 2200 qua
395 2131 424 2182 in
438 2129 517 2184 Herc.
535 2131 599 2184 OEt.
611 2127 669 2194 '418
685 2149 692 2183 ε
709 2131 802 2183 «Errat
814 2127 951 2192 (Hercules)
964 2147 1013 2201 per
1027 2129 1136 2192 orbem,
1149 2148 1203 2182 non
1217 2141 1248 2181 ut

185 2222 304 2278 aequetur
320 2210 397 2272 Jovi,
417 2209 472 2262 Nec
492 2222 522 2263 ut
541 2229 589 2282 per
608 2211 688 2278 urbes
706 2229 815 2282 magnus
834 2208 967 2280 Argolicas
987 2221 1043 2273 eat;
1060 2207 1139 2274 Quod
1159 2222 1246 2265 amet·

185 2287 314 2358 requirit;
326 2289 462 2359 virginum
477 2290 604 2342 thalamos
616 2291 684 2364 petit
697 2307 704 2342 :
716 2290 743 2342 Si
757 2309 807 2361 qua
821 2303 861 2342 est
873 2302 979 2360 negate,
991 2289 1092 2359 rapitur
1103 2311 1110 2352 ;
1122 2289 1149 2342 in
1165 2307 1250 2360 popu·

186 2365 224 2418 los
244 2368 326 2430 inrit;
347 2369 450 2439 Nuptae
470 2369 555 2422 ruinis
574 2369 684 2440 quaerit,
703 2382 729 2422 et
745 2370 841 2421 vitium
864 2370 994 2439 impotens
1014 2369 1109 2420 Virtus
1129 2382 1247 2421 vocatur.

186 2445 291 2500 Cecidit
306 2447 433 2501 OEchalia
446 2449 560 2519 inclyta,
574 2449 704 2519 Unusque
719 2449 796 2502 Titan
811 2447 878 2500 vidit
892 2462 970 2520 atque
984 2466 1052 2501 unus
1066 2446 1249 2501 diesStantem

185 2538 212 2578 et
227 2525 374 2581 cadentem.
390 2528 473 2581 Causa
488 2527 605 2581 bellandi
620 2542 659 2581 est
674 2548 749 2582 amor
762 2555 772 2574 ι
787 2568 794 2592 ,
809 2543 858 2580 etc.
874 2529 989 2580 Narrant
1002 2546 1108 2600 quoque
1124 2527 1248 2600 Sophocl.

186 2606 213 2656 iu
226 2607 352 2659 Trachin.
369 2612 422 2678 269
437 2620 463 2660 et
475 2627 532 2680 sqq.
546 2620 571 2660 et
581 2607 705 2678 Apollod.
718 2609 759 2670 Il,
771 2613 805 2672 6,
819 2607 952 2678 Iphitum,
964 2606 1060 2679 Euryti
1072 2607 1172 2671 lilium,
1183 2605 1249 2660 adeo

185 2698 277 2738 corsua
293 2687 442 2758 justasque
458 2689 492 2740 ah
511 2688 624 2740 Hercule
643 2688 775 2744 occisum.
798 2701 827 2740 ut
843 2689 886 2740 ille
904 2687 932 2738 in
952 2686 1056 2739 sceleris
1073 2687 1248 2758 expiationem

186 2763 295 2819 sordido
310 2766 379 2820 servi
394 2785 503 2819 munere
520 2766 674 2838 aliquandiu
688 2767 760 2837 fungi
775 2767 807 2818 ab
823 2767 930 2818 oraculo
944 2768 1030 2836 jussus
1047 2766 1140 2828 fuerit,
1155 2767 1249 2836 etipse

186 2843 241 2896 lilio
265 2865 317 2898 suo
341 2847 421 2899 iratus
439 2847 472 2900 sit
489 2847 595 2918 Jupiter
613 2864 620 2898 τ
638 2835 716 2918 lipyau
732 2843 760 2898 d·
779 2848 848 2899 isari
865 2841 938 2898 aalide
957 2846 1060 2915 μηνίσας
1085 2837 1183 2907 rivali)
1201 2852 1249 2923 qna

186 2925 304 2977 ἁπάντων
324 2927 382 2987 Ζεὺς
400 2927 482 2997 πατὴρ
500 2915 625 2996 ὀλύμπιος
644 2927 742 2996 Ilpura'v
762 2947 795 2978 vav
815 2925 962 2996 ἐξέπεμψεν,
983 2922 1035 2977 aaa·
1054 2927 1184 2991 hvioysac.
1205 2929 1249 2975 00¹

187 3003 262 3055 atissa·
277 3007 350 3058 αὐτὸν
369 3012 453 3078 μοῦνον
470 3007 599 3076 ἀνθρώπων
615 3001 679 3075 daha
693 2995 812 3058 Εκτιινιν.
830 3005 903 3058 Nihil
919 3005 1001 3075 igitur
1016 3002 1176 3058 invidiosum
1194 3021 1248 3055 ma·

185 3083 226 3153 gis
238 3097 265 3134 et
277 3084 375 3138 infame
389 3104 403 3138 a
416 3086 489 3155 Lyco
504 3086 611 3138 Herculi
628 3085 709 3156 objici
725 3086 819 3156 potuit.
840 3075 867 3136 2⁰
880 3086 946 3150 erae
961 3085 1038 3136 affert
1055 3083 1206 3136 Gronovius
1214 3082 1248 3136 ad

185 3162 395 3235 impugnandam
410 3165 555 3236 vulgatam,
568 3165 683 3228 scilicet,
695 3183 749 3217 non
763 3164 813 3216 nisi
829 3177 888 3234 post
900 3165 1032 3234 Megaram
1045 3163 1208 3214 interfectam
1222 3163 1249 3214 iu

186 3242 318 3312 Eurytum
335 3245 476 3298 Herculem
488 3246 613 3308 saeviisse,
628 3256 655 3296 et
671 3243 853 3298 obscuriorem
870 3262 924 3296 esse
940 3243 1053 3294 fabulam
1068 3242 1249 3294 Teuthrantia

186 3319 297 3387 domus,
312 3343 390 3394 qnam
406 3337 435 3376 ut
451 3324 650 3377 alibrariisaut
667 3323 867 3393 corruptoribus
882 3335 1001 3374 veterum
1019 3322 1148 3374 librorum
1166 3322 1250 3392 proli·

186 3401 249 3454 cisci
268 3405 388 3472 potuerit
408 3405 519 3476 vulgatae
538 3402 701 3467 emendatio,
722 3402 777 3455 hauc
799 3402 874 3454 facile
897 3401 1075 3454 continentur.
1097 3399 1249 3470 Respondet

188 3481 243 3551 ipse
260 3483 414 3538 Gronovius
434 3483 470 3546 ad
489 3482 515 3536 id
534 3481 607 3555 quod
625 3483 698 3554 prius
713 3481 848 3552 objicitur,
866 3508 877 3527 ·
891 3500 945 3532 non
962 3499 1058 3534 novum
1079 3499 1134 3532 esse
1153 3481 1250 3547 Nostro

186 3579 312 3631 personas
325 3561 524 3627 confundere»,
537 3565 627 3634 etjam
641 3581 695 3614 non
709 3562 788 3615 semel
803 3558 1036 3613 animadvertimus
1050 3573 1167 3630 tempora
1181 3579 1251 3632 sepe

186 3641 278 3694 abillo
289 3642 403 3696 misceri.
415 3641 480 3699 Vid.
494 3661 554 3714 qun
568 3654 622 3695 not.
637 3661 664 3713 p.
680 3641 711 3705 5,
726 3661 751 3693 v.
768 3649 817 3705 rq;
833 3661 857 3711 p.
873 3659 919 3709 27,
930 3660 955 3690 v·
970 3660 1023 3693 aaa
1039 3638 1072 3692 ad
1083 3639 1146 3704 lin.;
1159 3659 1188 3710 p.
1202 3639 1248 3702 33,

186 3738 214 3772 r.
230 3741 293 3788 ²7²·
308 3723 387 3787 Quod
401 3736 487 3775 autem
503 3723 633 3795 posterius
647 3721 773 3793 opponit,
789 3720 968 3773 obscuriorem
985 3738 1040 3772 esse
1053 3720 1184 3782 fabulam,
1200 3731 1249 3771 etc.

186 3813 273 3869 potest
293 3814 320 3854 et
337 3801 370 3854 ad
386 3802 518 3873 vulgatam
536 3801 660 3868 tuendam
677 3800 780 3865 afferri,
797 3813 822 3852 et
843 3819 874 3853 eo
892 3797 1000 3869 quidem
1015 3799 1162 3862 efficacius,
1177 3798 1249 3856 cuod

186 3878 323 3938 difficilius
338 3883 389 3934 fuit
403 3882 516 3934 fabulam
532 3883 644 3953 Euryti,
657 3900 711 3932 nou
725 3881 812 3934 minus
825 3899 903 3950 quam
917 3879 1249 3950 Teuthrantis,.plerisque
1298 3935 1299 3943 ,

185 3959 318 4030 ignotam,
341 3963 369 4013 iu
390 3960 559 4028 contentum,
580 3961 625 4013 ubi
644 3961 715 4012 nulla
738 3981 780 4012 res
799 3979 854 4010 eam
876 3959 1017 4024 iunuebat,
1039 3960 1157 4022 accersi„
1171 3977 1249 4029 quam

185 4039 295 4111 Thespii
314 4041 443 4097 fabulam,
459 4043 555 4110 jamin
571 4059 648 4092 versu
666 4043 720 4110 478
735 4051 918 4097 memoratam,
936 4039 964 4090 in
982 4057 1050 4090 vers.
1069 4057 1176 4110 quoque
1194 4044 1248 4108 477

186 4119 330 4173 introduci.
346 4111 375 4172 3⁰
388 4121 508 4191 Denique
521 4117 558 4182 (et
570 4119 622 4172 hoc
636 4120 811 4172 decretorium
825 4119 890 4170 mihi
903 4116 1009 4172 videtur
1022 4132 1101 4190 atque
1113 4116 1145 4171 ad
1159 4135 1251 4170 eruen-

185 4198 321 4253 dationem
336 4201 393 4252 Jac.
411 4201 540 4256 Gronovii
556 4198 760 4253 subvertendam
775 4195 924 4261 sulficere),
938 4218 969 4250 ex
984 4199 1059 4250 vatillo
1074 4211 1179 4252 auctore
1194 4197 1248 4249 ccl·

185 4279 231 4350 ligi
252 4293 339 4355 potest
362 4281 529 4336 Teuthrantem
552 4279 630 4334 luisse
647 4299 765 4342 eversum,
786 4297 866 4354 quem
884 4292 991 4336 narrant
1009 4297 1100 4330 omncs
1121 4279 1147 4327 iu
1167 4277 1252 4348 Mysia

1036 4371 1097 4454 ια’
