3070 5158
385 485 456 592 '47²
723 493 780 564 1n
804 496 1113 567 rnonrussss

435 615 533 705 Tela,
555 630 589 686 et
606 615 732 686 ultores
750 617 913 688 scelerum
932 620 1095 688 irruentes
1219 635 1222 642 ⁴

529 779 533 794 .
649 729 821 822 Conspicit
838 753 942 799 enses.

437 839 558 906 Fertur
570 836 667 931 inops
680 837 783 906 animi
795 891 805 926 ‚
817 837 927 908 furiali
943 838 1088 933 percitus
1100 850 1204 906 oestro

437 947 652 1042 OEdipodes‚
673 974 782 1044 neque
795 951 963 1021 Dircaeum
975 974 1053 1018 oum
1073 947 1202 1018 lumine
1221 971 1359 1044 regnum

436 1059 614 1151 Projecisse
628 1073 679 1128 sat
691 1074 759 1146 est3
780 1060 893 1130 animo
913 1059 1114 1128 transfossus
1130 1058 1272 1126 oberrat

437 1167 558 1253 Laius,
576 1183 610 1236 et
624 1169 732 1262 patrio
751 1167 869 1263 polluti
888 1169 1049 1262 sanguine
1063 1193 1185 1236 currus
1200 1193 1209 1235 :

437 1279 537 1348 Nunc
557 1277 671 1348 oculos
687 1279 723 1346 in
740 1294 848 1349 morte
863 1303 997 1374 graves,
1020 1303 1112 1348 nuuc
1128 1303 1191 1347 ora
1211 1279 1356 1372 parentis

437 1387 579 1474 Lucida,
601 1401 634 1456 et
651 1412 833 1484 exsangues
850 1386 986 1484 pallenti
1001 1389 1036 1457 in
1055 1387 1175 1458 funere
1189 1385 1306 1458 vultus

440 1500 538 1568 Mens
556 1521 714 1568 concussa
733 1499 822 1568 videt
842 1525 850 1568 ε
872 1523 982 1570 crasso
1002 1523 1096 1570 nunc
1114 1495 1225 1567 oblita
1246 1497 1324 1568 tabo

440 1605 604 1695 Vulnera,
630 1621 663 1676 et
681 1609 863 1702 impactum
882 1607 1001 1704 capulo
1021 1623 1117 1678 tenus
1134 1608 1263 1702 aspicit
1281 1633 1399 1678 ensem:
1418 1633 1434 1670 a

441 1719 543 1788 Nunc
561 1715 671 1788 dulces
686 1717 807 1805 furias,
827 1733 984 1788 temerata
1001 1715 1126 1790 cubilia
1144 1717 1290 1806 matris,

442 1825 701 1921 Fecundumque
719 1827 811 1897 nefas
832 1826 938 1924 gelida
960 1826 1140 1896 formidine
1153 1826 1291 1896 volvit:

444 1941 487 2007 Et
506 1961 573 2031 quo
591 1951 787 2010 trementem
806 1938 957 2010 conscius
973 1950 1085 2006 movet
1104 1936 1275 2032 gradum,

445 2047 524 2136 Quo
541 2048 642 2116 vertit
659 2071 736 2134 ora,
758 2046 918 2142 pallidum
936 2048 1166 2117 circumsonat
1192 2132 1195 2148 ι

444 2155 611 2226 stridente
629 2158 733 2253 flagro
752 2158 855 2228 tristis
871 2157 1097 2226 Eumenidum
1112 2181 1257 2244 manus,

446 2269 488 2336 Et
506 2269 657 2338 aestumti
675 2267 775 2340 corda
796 2283 963 2340 scrutatur
982 2268 1061 2340 sace.

735 2513 1127 2550 -ῥοφ-..ῄ

593 2711 808 2781 CHORUS
833 2712 1068 2784 SECUNDI
1093 2711 1287 2782 ACTUS.

497 2929 591 3020 Quid
606 2955 674 3000 non
691 2929 829 2998 ambitio
845 2931 1027 3025 impotens,

497 3043 542 3112 Et
559 3039 680 3134 sceptri
701 3038 835 3108 rabidus
853 3038 946 3109 furor

499 3151 597 3220 Caco
613 3149 745 3242 proruis
763 3149 913 3244 impetu?

499 3258 644 3348 Quantis
660 3257 750 3354 quod
768 3257 868 3330 semel
887 3259 1007 3330 insides

499 3372 621 3439 Pectus
639 3369 827 3438 turbinibus
848 3365 957 3440 rotas!

432 3477 435 3482 ’
501 3481 565 3549 Per
580 3481 686 3549 ventis
704 3505 794 3550 mare
808 3479 978 3575 turgidum

501 3594 650 3660 Pennato
670 3590 767 3660 citior
785 3593 895 3672 Noto,

502 3703 566 3770 Per
582 3702 685 3772 siccas
705 3701 817 3795 Libyae
838 3699 908 3769 vias

503 3810 580 3884 Sole
596 3811 765 3881 ardentior
783 3810 912 3896 Africo,

502 3923 566 3990 Per
584 3922 759 4018 flagrantia
777 3921 932 4008 fulmina,

503 4033 546 4102 Et
565 4055 623 4126 per
641 4035 823 4106 Caucaseas
841 4033 950 4118 nives,
