3172 5138
402 551 908 622 ANIMADVERSlONES.
1109 551 1184 625 365

120 694 185 734 unte
198 699 301 740 versum
314 682 400 750 Recipe
409 691 460 733 eto.
473 679 568 751 legitur
581 693 676 734 mento
687 697 763 734 versu
771 681 860 748 sugens
869 683 956 750 superi.
967 681 998 732 ln
1009 680 1085 737 MSS.
1099 685 1183 746 8016,

123 762 212 822 8018,
230 761 314 830 8037,
330 762 417 826 8161,
426 761 514 828 fugere
527 761 612 830 superi.
629 759 719 830 Accipe
731 759 774 811 leot
784 763 867 828 potitis
878 759 959 812 liberes.
973 759 1059 831 Recine
1070 763 1139 815 110100
1148 767 1182 814 ei·

122 843 172 892 rius
186 860 197 892 .-
212 840 292 892 le'leris
306 839 400 892 tandem
413 844 457 891 tuit
473 839 523 890 Diu
536 843 645 910 erpetitis
655 850 706 892 ete.
719 838 751 888 lu
766 840 871 892 Arcens.
885 839 1062 893 Arentl'ian.
1075 841 1180 913 Gryph.

117 919 195 974 Petr.
210 919 313 972 Febric.
335 919 406 972 Delr.
417 919 505 988 sugere
517 919 603 987 supteri.
622 919 661 970 Ar
675 911 758 987 accpi
769 918 811 970 Itos
823 937 851 987 p.
868 920 886 970 l.
903 919 988 988 lleeipe
1008 919 1075 971 hosce
1093 925 1182 973 citius:

122 999 206 1050 liberis
219 1011 268 1051 eto.
282 999 314 1049 ln
329 995 415 1068 AEgid.
425 999 513 1066 fisgm
525 999 611 1067 superi.
629 997 691 1064 (iuis
702 997 769 1049 Deus
779 1008 857 1048 sontes
865 999 947 1062 feret?
963 998 1061 1068 Respice
1070 1000 1139 1052 iosus
1147 1004 1182 1052 ci·

124 1082 192 1130 tius:
206 1076 284 1129 liberis
296 1087 348 1129 etc.
370 1077 404 1129 Et
419 1075 462 1130 elii
474 1073 526 1128 ulio
541 1074 629 1128 ruodo.
644 1073 797 1130 Lectionum
811 1075 941 1130 Gronovii
954 1077 1068 1149 amplexi
1084 1097 1184 1146 sumus,

122 1157 160 1210 eh
171 1157 295 1210 omnibus
306 1155 497 1209 recentioribus
507 1155 663 1225 probetamt
675 1153 771 1227 deque
783 1154 951 1209 Gronovius:
970 1182 982 1204 ι
993 1157 1009 1208 J
1011 1175 1053 1209 um
1064 1157 1129 1210 olim
1139 1178 1187 1212 no·

122 1237 192 1290 tevit
203 1234 386 1290 Commeliuus
394 1247 455 1288 unte
466 1235 538 1288 huno
549 1252 654 1288 versum
670 1229 766 1305 (llees'pe
777 1235 845 1286 lusu
853 1239 922 1288 eitun
930 1225 994 1304 eto.)
1008 1235 1036 1288 iu
1047 1237 1185 1292 nonnullis

122 1315 240 1387 antiquis
248 1313 322 1367 libris
330 1331 456 1386 apparere
466 1313 652 1367 hemistichion
663 1331 671 1366 ε
677 1314 766 1384 sugere
773 1317 871 1384 superi:
885 1315 914 1367 in
926 1314 984 1368 eliis
994 1332 1057 1368 vero
1066 1329 1180 1370 exstare:

116 1397 209 1464 sugere
219 1396 298 1464 superi
306 1411 315 1444 .·
333 1395 366 1445 Δ.
384 1385 424 1446 Αἰ
439 1397 519 1463 saepe
534 1394 576 1444 lios
586 1396 668 1463 potius
684 1393 776 1445 libens:
790 1392 836 1446 sed
850 1393 982 1465 posterius
993 1394 1045 1446 sibi
1058 1413 1112 1448 non
1125 1397 1183 1467 ple-

123 1492 194 1527 eere.
210 1473 340 1528 Gruterus
352 1489 458 1544 quoque
471 1472 545 1544 prius
558 1471 666 1542 recipit,
679 1471 790 1526 exclusis
803 1472 873 1535 eliis,
887 1485 917 1525 ut
929 1472 979 1537 uit,
993 1471 1067 1543 quod
1077 1493 1131 1530 non
1143 1476 1183 1528 vi·

122 1552 239 1607 derntnr
248 1552 371 1625 genuine,
384 1563 479 1604 attexta
490 1551 523 1604 nb
534 1550 576 1616 iis,
588 1550 641 1627 qui·
646 1553 795 1606 consultum
806 1552 881 1605 ibent
889 1551 986 1605 versui.
1001 1552 1089 1606 Immo
1100 1567 1126 1608 et
1136 1573 1181 1608 ve-

123 1633 156 1685 lit
170 1629 299 1696 recidere,
311 1631 397 1702 Recipe
408 1632 475 1684 horre
487 1631 566 1695 eitius,
579 1643 704 1700 tnnqusm
716 1631 784 1682 nihil
794 1627 921 1702 sapientie
931 1630 1045 1698 Seuere,
1059 1644 1087 1686 et
1099 1633 1181 1686 relin-
1282 1687 1283 1690 ,

124 1729 187 1782 gere
203 1729 210 1764 t
224 1713 313 1780 fugere
327 1713 413 1781 superi.
430 1712 463 1763 A.
479 1709 557 1762 liberis
571 1708 664 1760 tandem
679 1712 725 1762 tuis
741 1711 791 1761 Diu
804 1714 920 1782 expetitis.
945 1709 998 1764 Sed
1011 1711 1082 1764 enim
1096 1731 1181 1784 quum

123 1791 284 1844 membresa
297 1790 383 1844 nniote
396 1799 584 1860 representem
593 1807 600 1841 s
609 1789 697 1860 stipere
711 1793 797 1860 superi.
812 1790 845 1842 A.
862 1788 952 1860 Accipe
965 1790 1007 1842 los
1015 1793 1097 1860 potiris
1107 1792 1181 1844 libens

124 1871 179 1922 Diu
191 1872 322 1942 repetitos:
341 1869 408 1920 nulla
424 1887 470 1938 per
480 1869 584 1936 fimrens
599 1880 635 1919 est
648 1887 731 1929 mora,-
750 1883 805 1920 uon
818 1866 914 1921 dubito
926 1868 992 1939 quin
1007 1868 1063 1922 heo
1076 1871 1132 1941 ipss
1147 1871 1181 1925 eit

123 1950 241 2003 auctoris
255 1965 356 2014 munus,
376 1945 525 2019 adjuvanda
539 1945 707 2000 solummodo
722 1945 853 2016 perticuli
865 1959 893 1998 nt
906 1948 1019 2013 inserta,
1034 1967 1112 2020 quum
1126 1963 1183 2004 tuns

122 2047 245 2098 persone
254 2027 410 2081 vocabulum
420 2066 427 2092 ‚
439 2039 496 2079 tum
509 2043 621 2097 sequens
633 2027 746 2078 verbnm
759 2026 834 2079 leoile
847 2026 988 2098 absorpsit.
999 2051 1010 2076 ιι

168 2118 250 2173 1015.
265 2113 321 2173 Non
334 2130 390 2190 peto
404 2130 454 2171 etc.
470 2117 529 2171 MS.
543 2116 635 2182 8055,
654 2137 701 2170 non
710 2129 768 2188 peto
778 2119 1081 2191 inwhsnevputriNatns,·
1100 2134 1130 2176 ut
1140 2125 1184 2174 ha.

122 2200 192 2252 hun
203 2200 289 2251 scelere
301 2199 366 2270 quod
377 2211 426 2252 etc.
443 2197 521 2250 Fero.
536 2194 637 2250 leoerd.
652 2195 738 2268 AEgtd.
752 2196 852 2251 hebent
861 2199 959 2269 puriter
966 2203 1043 2269 putri.

104 2309 108 2314 ·
167 2289 247 2345 1031.
264 2289 387 2352 Hubeli55
399 2289 507 2361 qnodque
521 2301 571 2341 eto.
588 2289 704 2342 Florent.
719 2287 808 2352 lusbes,¹
822 2292 982 2364 quodeunque.

169 2383 253 2438 1036.
268 2387 394 2436 Aversum.
410 2379 598 2438 Fennrhilot.
613 2391 640 2433 et
650 2380 744 2434 Perire.
759 2381 846 2452 6377,
858 2383 945 2450 8161,
955 2383 1043 2450 8163,
1053 2385 1186 2440 ‹siluersuns⁴

169 2483 247 2538 1040.
263 2475 356 2526 Potuit.
372 2473 448 2526 Melit
462 2472 614 2526 Gronovius
624 2477 703 2542 potui,
718 2473 792 2544 qussi
804 2491 859 2526 non
872 2473 1039 2529 usitatissime
1050 2477 1118 2532 ioret
1128 2478 1185 2534 hee

122 2552 232 2609 dicendi
248 2554 332 2606 formo
343 2555 424 2622 potuit
434 2564 521 2621 pater,
538 2563 613 2624 petre
625 2552 683 2622 ipso
695 2551 834 2623 loquente!

170 2651 251 2709 1041.
269 2645 366 2713 Quaerit
381 2647 453 2696 viam.
471 2643 623 2697 Gronovius
637 2661 670 2697 ex
682 2643 839 2697 Florentino
852 2646 980 2716 proponit
994 2650 1080 2716 quierit
1086 2649 1186 2720 fugata,

122 2729 198 2797 quod
217 2725 246 2777 iu
264 2735 367 2776 textum
382 2721 487 2776 rdmisit
501 2723 627 2776 Botheus.
645 2722 697 2777 sed
715 2722 783 2775 nihil
801 2741 857 2777 esse
872 2721 981 2777 videtur
993 2742 1041 2778 our
1055 2741 1186 2782 mutemus

124 2807 274 2877 vulgatum:
287 2821 338 2856 neo
352 2802 491 2874 quisquam
504 2801 613 2872 objiciet
625 2803 736 2874 propius
750 2800 868 2874 adjecere
881 2801 951 2854 detur
962 2807 1021 2866 oia,·
1036 2822 1097 2858 nem
1112 2806 1184 2860 houd

125 2887 265 2938 invenuste
279 2881 403 2954 repetitio
417 2900 466 2936 nec
480 2881 598 2934 fortuite.

171 2981 252 3040 1044.
268 2976 347 3026 Detur
356 2976 407 3026 vis.
420 2973 543 3044 Plerique
552 2971 646 3026 Parin.
657 2985 683 3025 et
692 2969 767 3026 etlitt.
780 2974 860 3025 demus
871 2976 946 3026 050111.
959 2973 1056 3027 Philol.
1066 2975 1185 3033 Gronov.

125 3055 236 3126 Bipont.
249 3065 275 3107 et
288 3051 387 3106 Badeo.
401 3053 583 3122 denmfisgen.
600 3054 636 3106 At
647 3053 746 3106 notovit
757 3051 909 3106 Gronovius
922 3052 949 3104 in
964 3051 1121 3108 Florentino
1133 3077 1189 3112 esse

123 3137 198 3188 denir
209 3138 262 3198 nin,
276 3131 351 3204 qnod
362 3131 462 3203 recepit
474 3132 592 3185 Botheue
604 3144 631 3185 et
639 3150 688 3184 ntis
702 3131 728 3183 in
742 3144 895 3186 contextum
908 3129 1082 3200 admittimus,
1094 3149 1124 3189 ut
1134 3139 1187 3191 ele·
1283 3133 1286 3140 ’

124 3214 248 3286 gentius,
261 3214 399 3265 inventurn
414 3209 576 3283 ceteroquin
591 3211 619 3263 in
632 3209 713 3264 Puris.
726 3213 813 3281 8029.

171 3293 345 3356 104511610.
361 3287 435 3342 MSS.
451 3289 526 3362 6377
542 3291 756 3359 018019,ἰ16ιο.

170 3376 255 3435 1046.
272 3371 387 3425 Comma.
405 3369 450 3422 sic
464 3367 585 3422 Gronov.
601 3381 628 3422 et
641 3369 815 3432 moestiores,
836 3367 874 3420 sic
887 3369 981 3424 Perire.
999 3373 1085 3438 8014,
1101 3374 1188 3441 8031,

126 3452 224 3515 8035,
241 3454 331 3515 8160,
349 3447 443 3511 8163,
460 3448 498 3501 sie
513 3461 539 3501 et
552 3447 667 3502 Florent.
687 3461 713 3502 et
728 3447 837 3518 Egvien.
855 3459 882 3500 et
894 3446 949 3501 duo
962 3446 1080 3506 Bedenii.
1094 3453 1188 3508 Ceteri

124 3529 419 3591 concute-Sustine,
436 3528 533 3594 inselie,
551 3545 653 3580 nontin.
677 3529 716 3580 De
732 3525 833 3579 lleiusii
850 3538 877 3579 et
895 3525 991 3581 Bothei
1005 3528 1119 3585 lectione
1132 3533 1187 3588 vid.

124 3629 187 3683 que
200 3609 348 3663 notavimus
360 3627 389 3680 p.
406 3605 472 3662 ³26.
701 3667 707 3686 ι

171 3689 251 3743 1051.
266 3687 366 3740 Sceleris
374 3699 411 3738 est
417 3686 504 3758 aliquis
513 3685 615 3738 mene
628 3684 711 3756 Neget
724 3685 842 3738 Bothers
855 3701 884 3738 ee
896 3703 944 3755 per
956 3687 1189 3760 interrogationem

57 3808 61 3813 .
124 3768 196 3832 diei,
215 3767 263 3822 secl
282 3766 349 3820 nihil
366 3767 444 3819 eilert
456 3783 510 3836 quo
522 3764 679 3818 sententium
693 3783 767 3818 suern
784 3763 914 3818 adfirmet.
938 3766 1187 3840 interrogationum

125 3846 340 3920 procedentibus
353 3845 487 3916 aptissime
500 3855 642 3908 consonet,
656 3858 760 3898 necnon
775 3861 836 3896 oum
848 3845 1028 3914 sequentihus.

172 3927 255 3981 1051.
278 3925 367 3978 Sceleri
383 3923 466 3976 nodus
480 3923 586 3975 debetun
604 3921 702 3977 Philol.
716 3936 744 3976 et
759 3923 853 3975 Pet-iss.
874 3923 967 3992 6395,
990 3927 1082 3992 8016,
1103 3930 1191 3999 8037,

127 4005 225 4070 8163,
239 4006 331 4057 sceleris
345 4004 427 4056 modus
440 4003 544 4055 dubitur.

172 4083 255 4147 1054.
279 4085 321 4136 Ee
339 4085 443 4136 vulnere.
467 4081 546 4133 Both.
562 4094 586 4131 er
597 4082 695 4134 uulnere
706 4080 783 4134 tacita
797 4078 981 4136 emendatione
994 4097 1039 4138 eut
1051 4104 1192 4156 operarum

127 4181 242 4220 sucurre.
276 4191 280 4200 ·

176 4243 258 4297 1055.
277 4242 430 4309 Diffundere.
447 4238 581 4294 Budenius
595 4238 730 4292 substituit
742 4239 879 4305 defundere,
894 4239 969 4310 quod
985 4241 1043 4297 Nic.
1059 4243 1149 4299 lleins.
1162 4265 1193 4301 er
