3070 5158
379 531 899 605 ANIMADVERSIONES.
1104 537 1173 634 447

99 674 276 720 serraverunt
289 673 316 716 et
329 660 466 733 Bipontini
479 661 593 718 editores
607 675 634 716 et
645 663 762 718 Botbeue
774 674 802 716 et
813 659 960 728 Badeaius,
971 661 1039 716 nihil
1051 662 1085 720 de
1095 665 1177 738 hujus

100 742 256 815 prestantia
269 741 370 805 beuti,
382 740 433 796 nisi
447 739 520 813 quod
533 743 649 798 Bctbeue
663 761 720 798 eam
737 741 774 796 sio
788 742 975 812 interpretatos
989 756 1044 796 est:
1062 770 1074 794 ι
1090 747 1176 798 Tantis

102 828 131 876 r'rr
150 824 220 875 molis
236 823 447 886 emeruerint,
466 822 568 892 inquit,
586 820 614 874 itl
633 835 687 887 eat,
704 823 773 874 mori
790 821 818 876 in
842 821 920 874 tantis
936 823 1010 876 malis
1025 836 1064 878 est
1079 825 1172 880 vinci:

102 903 241 974 quarelae
256 899 373 964 resistas,
387 918 421 952 ne
433 900 518 953 rictus
529 899 644 954 videare.
659 927 671 947 ι
684 899 810 954 iudicent
824 898 896 954 docti
906 899 941 956 de
955 902 1005 954 hac
1016 903 1172 976 interpreta-

103 984 201 1036 tione:
221 999 270 1052 ego
284 994 371 1036 autem
389 997 444 1032 aon
462 980 545 1034 ausim
564 981 599 1033 ita
616 979 651 1034 de
667 981 757 1034 Nostri
772 979 915 1046 industria,
933 983 962 1036 iu
981 982 1173 1050 componendis

102 1062 195 1114 rerbie
209 1060 324 1124 sentire,
338 1071 367 1112 ot
380 1071 472 1129 putem
486 1060 554 1112 hane
568 1059 607 1112 illi
622 1072 771 1114 contortam
786 1059 912 1129 placuisse
925 1059 1028 1114 dicendi
1043 1061 1172 1128 sormam,

102 1145 181 1194 tantis
195 1143 220 1192 iu
233 1139 302 1192 mulis
318 1141 386 1192 ‘uiuet'
401 1142 461 1192 mori
475 1151 526 1204 est,
546 1157 596 1209 pro
614 1143 687 1192 tontis
702 1143 728 1194 in
743 1141 811 1192 mulir
828 1143 901 1204 mori,
917 1143 985 1194 olari
996 1153 1041 1194 est.
1056 1141 1173 1197 Fruatur

101 1219 234 1274 sententia
249 1236 295 1270 sua
307 1219 438 1282 bothert,
454 1230 483 1271 ut
493 1231 520 1272 et
535 1219 599 1272 olim
611 1219 779 1284 Gronovius,
791 1219 911 1290 quamvis
925 1219 1070 1274 existimem
1084 1221 1172 1276 locum

100 1301 185 1372 aliter!
191 1299 344 1362 (ironeam,
354 1297 430 1350 aliter
437 1298 540 1352 Rotheo
550 1298 724 1352 intellectum.
737 1302 773 1350 At
780 1317 829 1353 uos
836 1299 968 1370 vulgatam
977 1301 1172 1370 revocavimus,

102 1392 163 1434 turn
175 1377 300 1432 codicum
313 1378 467 1432 auctoritate
479 1378 584 1442 nixam,
597 1391 655 1432 tum
667 1378 793 1434 orationis
806 1377 934 1448 elegantia
944 1381 1151 1449 prestantiorem
1163 1401 1170 1434 :

100 1477 151 1512 eun
166 1470 204 1512 est
222 1456 293 1510 enim
307 1457 406 1514 iteratis
420 1458 519 1513 verbis·
534 1459 618 1522 mulir,
635 1459 734 1520 mulum,
745 1457 835 1528 gratia.

146 1539 193 1591 81.
218 1536 287 1588 Unda
308 1541 369 1595 ista,
389 1549 440 1590 etc.
463 1535 504 1590 Ad
523 1536 580 1590 bec
599 1537 708 1591 Florens
727 1537 911 1594 Christianae:
927 1559 937 1581 ¹
951 1538 1013 1598 Post
1032 1555 1078 1600 ea,
1100 1544 1171 1610 virgo

99 1617 226 1670 disrinrils‘s
245 1635 303 1681 suo,
321 1615 435 1670 libenter
452 1616 659 1672 hermeneum
676 1616 891 1688 interrogationis
911 1630 996 1670 nota:
1016 1616 1113 1670 deinde
1134 1620 1171 1673 sic

100 1695 313 1766 distinguerem:
339 1721 351 1743 ι
364 1695 471 1750 fortuna
491 1691 501 1758 (
514 1692 656 1760 mediol),
678 1697 774 1768 aliquis
795 1709 834 1750 est
855 1715 887 1752 ex
908 1716 951 1752 me
977 1698 1039 1766 pius
1051 1722 1063 1744 ι
1082 1735 1090 1762 ,
1114 1699 1172 1752 sine

100 1774 284 1846 interrogandi
310 1785 391 1840 not'a,
416 1775 468 1830 aiei
488 1775 517 1830 in
540 1776 699 1848 parenthesi.
727 1801 740 1826 ι
764 1777 804 1830 Ex
830 1789 905 1848 porte
926 1777 997 1830 Flor.
1019 1776 1172 1832 Christiano

100 1855 281 1911 auscultatam
297 1867 345 1908 est.
501 1912 504 1918 .

145 1936 191 1988 85.
204 1935 306 2004 degeret
319 1937 344 1988 tn
350 1935 452 2000 fontem.
467 1933 549 1988 Paris.
563 1935 634 1988 8055
644 1973 652 1998 ,
663 1947 740 1988 uertet
749 1937 881 2003 insontem.

147 2016 193 2068 86.
214 2015 316 2070 Noctem
338 2015 434 2081 afferet.
455 2013 521 2085 Legi
541 2015 616 2068 malit
634 2015 694 2068 Nic.
714 2015 854 2078 Heinsius,
872 2026 961 2068 noctem
981 2016 1081 2082 essem,
1098 2013 1171 2088 qaod

96 2095 162 2164 jore
172 2094 270 2146 amovit
281 2093 422 2149 badenim.
525 2157 527 2160 ¹

146 2174 193 2242 89.
212 2173 289 2224 Unica
302 2173 444 2242 OEdipodoe
452 2173 562 2224 estsulur
572 2172 655 2225 Paris.
674 2175 764 2238 8006,
780 2173 858 2226 Unica
875 2174 978 2244 OEdipo
992 2186 1027 2225 ert
1042 2173 1122 2240 subu,
1135 2173 1171 2228 de

98 2271 155 2324 qua
167 2252 283 2306 lectione
294 2251 355 2306 vida
369 2251 500 2306 Gronorii
513 2264 613 2306 notam.

144 2349 190 2400 9o.
209 2333 267 2386 Non
282 2353 332 2384 esre
346 2332 446 2386 rubrum.
465 2330 524 2384 Nic.
544 2331 634 2384 Heins.
654 2330 688 2385 ad
704 2330 783 2386 Ovid.
802 2331 866 2392 ller.
886 2333 964 2398 xlv,
978 2352 1005 2384 r.
1028 2336 1084 2397 bb,
1104 2335 1172 2386 salvo

97 2411 229 2466 malebat.

144 2494 195 2560 96..
203 2491 316 2544 borbum.
333 2491 411 2544 Fern.
427 2487 529 2542 Isoard.
542 2488 631 2560 AEgld.
644 2491 765 2558 injustum.

147 2569 208 2624 105.
221 2571 328 2638 flegmata
338 2575 392 2623 mei.
402 2570 480 2624 Fern.
490 2588 553 2622 cnm
564 2567 670 2622 duobus
681 2570 774 2622 Parios.
792 2571 866 2624 8008
876 2583 903 2623 et
913 2569 1005 2638 8033,
1017 2573 1053 2624 Et
1062 2591 1168 2641 regnunt.

98 2648 191 2720 AEgid.
207 2651 243 2701 Et
253 2670 336 2719 regno.
351 2650 473 2721 Utraque
484 2648 563 2702 lectio
574 2662 665 2701 contra
677 2650 754 2701 metri
767 2650 952 2719 iutegritatem.

147 2730 209 2782 008.
232 2729 323 2782 Scelus.
348 2729 392 2783 sie
413 2745 505 2780 omnes
527 2728 579 2782 mei
599 2727 693 2782 Parius.
717 2740 744 2780 et
768 2729 896 2782 universae
920 2741 981 2782 ante
1003 2729 1171 2784 Gronovium

99 2807 239 2861 editiones.
256 2808 360 2862 Placuit
373 2806 550 2860 eruditissimo
569 2805 627 2858 viro
640 2826 699 2876 opus
714 2825 764 2877 pro
783 2807 858 2860 serlus
875 2807 1025 2869 intrudere,
1047 2807 1120 2879 qood
1134 2811 1171 2864 itu

99 2888 130 2940 in
152 2888 306 2940 Florentino
327 2887 466 2958 legeretur.
488 2885 567 2940 lllnm
587 2904 636 2955 pro
657 2904 732 2939 more
753 2904 802 2938 000
822 2888 904 2942 secuti
925 2900 988 2942 sunt
1010 2888 1127 2944 Rotheus
1145 2903 1172 2942 et

98 2965 243 3022 Badeuius.

146 3065 208 3100 tro.
220 3045 270 3098 Sed
281 3057 385 3118 uterque.
398 3043 520 3095 Flammas
529 3048 618 3115 petitu.
632 3045 663 3095 In
674 3043 696 3095 F
697 3061 753 3096 eru.
768 3042 820 3097 Sed
830 3059 927 3118 uterque
934 3051 1023 3116 petitu.
1036 3047 1168 3103 Flammas.

147 3145 211 3180 rra.
225 3127 346 3179 Enetum.
359 3126 399 3178 Ita
411 3122 550 3181 duodecim
562 3123 657 3178 Parim.
672 3137 698 3177 et
713 3123 786 3179 editt.
797 3125 875 3180 Fero.
887 3124 987 3178 Isoard.
1001 3126 1091 3197 AEgid.
1101 3127 1170 3182 Phil.

98 3208 208 3260 Asceun
223 3207 316 3258 Avant.
333 3202 436 3258 Fabric.
455 3203 539 3256 Gron.
556 3203 657 3258 Badeo.
674 3205 709 3256 Et
721 3222 783 3257 sane
796 3205 863 3258 nibil
879 3218 917 3258 eet
936 3205 963 3258 in
978 3205 1028 3258 bno
1041 3207 1170 3271 lectione,

98 3284 177 3355 quod
188 3285 265 3338 facile
274 3303 328 3338 non
341 3295 420 3358 queat
428 3283 538 3354 intelligi
551 3281 630 3346 (tide
640 3296 729 3336 notam
740 3282 774 3338 ad
788 3303 812 3336 r.
830 3303 882 3340 tra
893 3299 938 3356 ,pt
954 3280 1009 3340 382
1020 3276 1039 3353 ).
1049 3289 1169 3340 Attamen

99 3365 255 3420 Gronovius
267 3364 376 3418 nolebat
391 3363 472 3419 scribi
484 3383 592 3434 empore,
610 3361 683 3434 quod
697 3363 788 3418 multis
798 3365 923 3436 exemplis
936 3365 1124 3430 confirmabat,
1139 3386 1171 3420 ex

98 3443 233 3496 Suetonio
245 3455 271 3496 et
284 3445 342 3513 ipso
356 3443 453 3496 Seneca
464 3442 625 3514 desumptis,
639 3442 712 3513 quasi
724 3443 776 3495 hoc
790 3441 965 3508 dubitaretur,
978 3463 1011 3498 00
1024 3464 1076 3499 vox
1090 3446 1170 3501 latina

98 3525 135 3578 sit
147 3536 174 3576 et
188 3541 257 3595 repe
272 3542 288 3575 a
304 3523 359 3576 latt.
373 3523 474 3594 scriptt.
489 3535 614 3594 usurpata
629 3541 731 3593 erepere.
748 3523 865 3576 Rotbens
880 3541 913 3578 ex
931 3525 1086 3578 Florentino
1103 3527 1172 3578 banc

97 3603 242 3656 lectionem
262 3601 378 3658 eduxit:
403 3603 509 3658 Hoerebo
526 3602 561 3654 ad
575 3605 641 3672 ignes
654 3603 758 3670 funebre
772 3603 893 3656 escendam
912 3617 1017 3666 struem
1035 3623 1115 3676 quam
1133 3606 1171 3660 sic

97 3683 237 3747 mutabat,
258 3683 363 3736 Herebo
382 3682 418 3733 ad
436 3685 520 3751 ignes,
534 3683 659 3750 funebrem
678 3683 802 3736 escendere
820 3695 921 3748 struem,
941 3697 967 3738 et
986 3685 1023 3738 sic
1042 3697 1170 3738 mutatam

96 3774 200 3816 temere
220 3763 248 3816 in
266 3781 369 3818 versum
390 3761 495 3820 8000000
513 3762 630 3816 immisit.
652 3762 728 3819 Idem
750 3775 776 3816 et
795 3763 847 3820 alia
869 3761 989 3827 admitti,
1010 3765 1171 3818 Florentino

96 3841 209 3894 lectioni
227 3855 356 3913 cognata,
384 3842 503 3908 sinebat,
523 3843 545 3896 si
565 3843 625 3914 quia
644 3843 712 3896 sorte
734 3843 843 3896 meliore
864 3861 915 3914 pro
933 3842 1036 3915 judicio
1056 3863 1104 3896 sno
1125 3845 1171 3898 illa

96 3933 243 3973 censeret:
268 3921 373 3973 Hoerebo
392 3922 428 3972 ad
443 3925 526 3991 ignes,
539 3922 663 3989 funebrem
684 3923 777 3974 00000άί
797 3939 825 3974 ut
840 3935 928 3976 struem
944 3956 985 3968 —
997 3924 1125 3978 Herebor
1144 3937 1171 3976 tu

97 3999 195 4070 adiges.
214 4001 348 4057 Funebrert
363 4001 486 4054 escendam
505 4014 602 4056 struem.
620 4002 679 4056 Nic.
698 4021 805 4074 quoque
821 4001 943 4058 Heinsius
961 4003 989 4056 in
1006 4002 1170 4058 Adversariis

97 4079 259 4134 emendabat
276 4082 381 4147 locum,
393 4081 485 4150 praeibo
502 4083 543 4136 vel
557 4082 691 4153 properabo
703 4101 753 4153 pro
772 4083 887 4136 Eiectum
902 4083 1020 4140 laudant.
1039 4090 1093 4155 Ego
1106 4101 1170 4136 tero
