3070 5158
69 609 1129 633 ΜΜἊΛΜΜἏΝΜΜΜΜΊἉΜΜΜΜΜΜΜΜΜ

236 777 274 842 L.
301 773 475 843 ANNAEI
501 773 707 844 SENECAE
732 777 972 862 THEBAIS,

71 977 142 1022 PER
166 974 352 1022 neuntcuttt
378 973 615 1038 GHIPELLfflM,
637 975 950 1039 unaucurtnttsutt,
978 977 1076 1023 PUBL.
1100 979 1137 1022 ΙΝ

125 1091 233 1138 ALMAE
252 1091 353 1137 uatus
374 1091 557 1138 GYMMSIO
578 1091 808 1152 ELOQUENTIAE
826 1092 1090 1155 Paotessotttmt,

170 1257 270 1299 cucur
285 1256 414 1316 roaros,
432 1257 471 1298 ar
492 1257 600 1311 Quium
617 1257 713 1298 horus
732 1257 868 1298 antecru
888 1258 1053 1300 surenam.

519 1405 703 1432 w*-

164 1522 272 1576 Romre.
296 1550 336 1562 -
359 1523 401 1574 Ex
414 1515 605 1594 typographia
618 1515 764 1574 Guilielmi
779 1516 924 1574 Facciotti.
940 1537 1064 1576 uncxnv.

516 1675 695 1700 ...m-

429 1795 618 1833 sunnuronuu
642 1797 787 1834 rnaurssu.

518 1940 693 1965 -aeofi-

88 2054 310 2146 llhtstrissimo
333 2068 366 2117 et
388 2054 643 2118 reverendasuno
659 2055 701 2118 D.
715 2055 757 2117 D.
779 2055 951 2118 Franciaco
970 2055 1139 2121 Cardinalt'

269 2159 442 2224 Barba-ino
454 2208 463 2238 ‚
489 2160 641 2223 Henn'cus
660 2157 828 2246 Chrscllius
850 2160 883 2224 S.
906 2162 946 2225 D.

124 2329 263 2421 Semper
279 2324 431 2421 equidem
448 2323 558 2416 dolui,
580 2323 798 2393 illustrissime
817 2326 987 2420 princeps,
1004 2326 1144 2395 Thebai-

72 2437 175 2523 dem,
191 2461 264 2531 quae
283 2437 370 2505 inter
387 2438 517 2504 Senecae
536 2433 713 2528 tragoedias
731 2434 974 2518 circumfertur,
992 2458 1143 2504 mancam

73 2545 119 2616 ad
135 2560 237 2615 noset
250 2543 402 2613 mutilam
411 2545 616 2638 pervenisse,
629 2544 753 2637 quippe
765 2567 866 2636 quam
879 2558 972 2612 actus
987 2545 1143 2636 quintus,

72 2671 111 2724 et
128 2655 247 2726 chorus
260 2655 415 2724 deficeret
425 2655 613 2738 universus,
628 2653 695 2720 sive
709 2653 838 2720 auctori
854 2650 888 2719 id
901 2652 1144 2744 imputandum,

75 2766 146 2836 sire
163 2766 316 2860 tempori.
333 2768 376 2832 Et
389 2787 466 2832 sane
479 2761 602 2830 multos
619 2760 742 2828 abhinc
751 2784 857 2828 annos
871 2783 924 2826 me
938 2758 1042 2830 libido
1055 2765 1144 2857 cepit

74 2875 186 2970 operis
211 2871 423 2968 perficiendi3
444 2868 502 2938 sed
525 2869 661 2936 verebar
683 2893 724 2934 ne
749 2893 818 2936 rem
846 2868 985 2938 arduam
1014 2895 1073 2964 per
1094 2886 1143 2942 tot

74 2981 206 3070 secula,
235 2997 287 3051 tot
311 2980 501 3051 clarissimis
525 2978 667 3071 ingeniis
697 2978 915 3064 intentatam,
942 2979 1063 3048 frustra
1085 3008 1142 3051 eo·

73 3119 184 3164 narer.
199 3094 347 3164 Tandem
366 3091 485 3184 abrupi
502 3111 630 3173 moras,
645 3083 821 3155 temerario
838 3088 972 3182 quidem
986 3090 1143 3178 consilio,

73 3202 135 3273 sed
149 3203 288 3272 fortasse
305 3226 373 3269 non
389 3199 610 3292 undequaque
629 3195 788 3265 illaudato
807 3223 814 3265 :
835 3201 1050 3292 nequeenim
1069 3201 1143 3271 ideo

73 3311 176 3382 laude
198 3336 256 3380 sua
273 3325 364 3380 caret
376 3308 528 3395 Troilus,
545 3306 635 3402 quod
656 3307 764 3400 impar
784 3331 978 3401 congressus
1001 3309 1141 3398 Achilli,

72 3438 110 3494 et
122 3422 294 3493 Phaethon
309 3420 336 3489 si
348 3444 484 3489 currum
500 3431 674 3512 paternum
683 3442 751 3485 non
765 3419 883 3504 tenuit,
894 3420 1023 3512 magnis
1031 3435 1142 3490 tamen

73 3531 202 3602 excidit
220 3531 318 3601 ausis.
341 3533 531 3623 Utcumque
549 3543 616 3615 est,
639 3552 724 3622 opus
744 3527 891 3615 absolvi,
913 3544 971 3597 aut
991 3531 1143 3624 perlectae

72 3641 265 3712 Thebaidos
286 3642 483 3726 victoriam,
510 3653 568 3708 aut
590 3636 803 3706 nobilissimae
829 3637 1042 3732 cogitationis
1068 3640 1142 3734 glo-

71 3753 161 3822 riam
185 3751 369 3821 habiturus.
390 3751 465 3821 Tibi
490 3747 580 3843 quod
600 3748 664 3816 hoc
685 3747 807 3816 laboris
831 3760 880 3816 est
897 3746 1022 3834 offero,
1041 3752 1140 3823 Card.

71 3859 294 3956 amplissime,
308 3862 362 3930 cui
381 3859 494 3928 multis
507 3883 560 3928 me
576 3858 768 3926 nominibus
784 3855 900 3942 debeo,
917 3871 950 3925 et
965 3882 1048 3927 mea.
1063 3863 1141 3929 Eri-

71 3996 180 4069 guum
195 3971 349 4067 estquod
366 3971 487 4064 accipis
502 3997 510 4037 :
528 3983 565 4037 tu
584 3967 633 4036 vel
653 3968 859 4036 humanitate
879 3981 935 4036 tua
955 3967 989 4034 id
1006 3969 1144 4056 metire,

69 4081 128 4150 vel
141 4081 349 4151 observantia
365 4105 448 4149 mea.
458 4076 552 4149 Vale.
564 4081 639 4148 Dat.
656 4081 769 4147 Rornae
780 4103 816 4147 rv
826 4078 877 4149 Id.
891 4078 964 4173 jun.
978 4101 1141 4150 uuoxxV.

952 4189 1020 4260 30³
