3118 5138
372 527 476 624 cxvnj
592 528 656 600 nu
678 526 936 598 nannenus
962 527 1217 600 canurnun

416 661 581 734 Alterum,
602 657 724 746 padum
742 655 893 741 totidem,
916 675 949 724 et
965 657 1152 750 semipedis3
1178 659 1270 739 eujus
1288 661 1435 748 exempla

371 768 525 856 leguntur
538 763 606 828 duo
622 764 656 828 in
673 762 785 828 eadem
803 763 971 853 tmgtedia,

475 903 558 958 Stella
572 923 631 976 quas
646 883 745 969 mutat,
759 921 838 976 seque
852 905 947 958 mirata
961 917 1008 958 est

475 989 599 1062 Frigidus
616 1000 716 1052 custos,
735 991 840 1044 nescius
855 992 949 1045 somni.

488 1100 504 1114 .
517 1091 537 1129 υ
568 1099 583 1112 .
631 1097 647 1111 -
673 1097 688 1111 ·
755 1097 770 1112 .-
784 1089 831 1125 0.
875 1099 891 1113 -
921 1101 936 1115 .

416 1201 581 1283 Tertium,
597 1197 720 1288 pedum
736 1201 900 1288 quinque3
914 1218 966 1282 ut,
1054 1171 1056 1176 ,

474 1331 584 1403 Semper
596 1330 717 1401 ingentes
730 1327 826 1382 educat
839 1331 969 1384 alumnos.

503 1439 520 1458 .
548 1429 568 1468 0
610 1437 626 1451 .
654 1437 670 1456 ..
692 1437 708 1452 .
731 1437 746 1452 .
761 1437 776 1452 .
793 1437 809 1454 .
837 1433 857 1469 0
876 1438 892 1456 .
929 1438 945 1452 .

417 1555 600 1639 Quartum,
615 1551 738 1643 pedum
756 1551 891 1618 totidem
910 1573 986 1618 eum
1000 1551 1182 1643 semipede;
1195 1553 1230 1622 in
1246 1551 1395 1641 OEdipo‚

476 1693 608 1748 Lucidum
621 1692 675 1746 eati
688 1689 769 1746 decus
782 1692 836 1745 huc
849 1690 913 1746 ades
926 1691 1003 1746 votis.

491 1797 539 1832 ,0
571 1801 586 1818 .
631 1793 759 1829 not>
800 1799 815 1815 .
850 1797 904 1832 υ.
941 1801 992 1814 ..

719 2003 776 2068 DE
798 2001 1091 2068 ANAPAESTICO.

417 2179 655 2267 Anapaesticum
672 2175 898 2265 complectitur
914 2175 1005 2240 sedes
1024 2191 1176 2264 quatuor,
1192 2177 1306 2268 recipit
1320 2178 1355 2240 in
1374 2178 1438 2240 sin·

374 2283 458 2376 gulis
474 2297 684 2372 anapaestum,
701 2281 736 2345 in
754 2281 858 2370 prima
872 2281 992 2368 pariter
1006 2280 1168 2370 dactylum
1184 2298 1217 2346 et
1233 2281 1434 2370 spondeum:

372 2392 407 2455 in
434 2387 574 2453 secunda
601 2389 707 2452 solum
734 2403 952 2482 anapestum,
969 2403 1025 2452 aut
1050 2387 1254 2476 spondeum:
1276 2389 1310 2452 in
1343 2390 1435 2452 tertia

373 2493 575 2584 spondeum,
595 2492 778 2581 dactylum,
803 2493 1023 2582 tribrachym:
1042 2494 1075 2556 in
1095 2493 1206 2561 ultima
1221 2510 1435 2583 anapaestum,

373 2599 574 2688 spondeum,
591 2599 805 2689 tribrachym,
823 2615 856 2664 et
872 2597 1057 2687 dactylum:
1074 2600 1131 2665 sed
1142 2601 1231 2666 hunc
1244 2601 1293 2664 his
1308 2617 1434 2664 tannim

373 2707 542 2771 observare
557 2705 671 2793 potui3
688 2722 726 2769 ut
742 2706 777 2768 in
796 2704 943 2794 Olisipo,

476 2833 612 2904 Mixtaque
623 2829 707 2884 odoro
717 2831 812 2887 Lesbia
823 2851 883 2886 cum
895 2831 996 2905 thymo.

416 2957 455 3020 In
474 2956 739 3045 Agamemnone,

421 3089 424 3092 '
478 3083 534 3150 Qui
546 3083 627 3156 Styga
641 3082 743 3136 tristem
756 3101 811 3135 uon
829 3084 911 3138 tristis
926 3083 1007 3138 videt.

416 3229 443 3292 E
461 3228 536 3294 solis
551 3227 718 3316 anapaestis
734 3249 821 3291 unus
837 3226 955 3315 legitur
973 3227 1007 3290 in
1022 3226 1161 3293 Hercule
1177 3225 1319 3307 furente,

476 3349 661 3420 Pheretraque
671 3348 753 3412 laves,
762 3347 823 3404 date
835 3367 903 3404 aava
917 3349 995 3400 ferro.

415 3483 504 3548 Alter
520 3483 555 3546 in
574 3483 733 3571 Thyeste,
758 3484 871 3548 tertius
887 3483 922 3547 in
941 3483 1136 3573 Hippolyto,
1153 3497 1286 3570 quartus
1303 3483 1336 3544 in
1355 3484 1438 3570 Aga·

373 3611 570 3654 memnone:
593 3611 669 3656 nam
693 3589 757 3657 boc
781 3605 894 3657 mutae
920 3589 1106 3677 gravitatem
1131 3589 1284 3678 tragicam
1306 3603 1368 3667 est,
1398 3603 1437 3650 ut

371 3715 469 3781 supra
482 3693 516 3756 ia
533 3692 677 3761 iambicis
693 3710 727 3761 et
743 3693 932 3776 trochaicis,
943 3691 984 3760 de
1000 3710 1146 3761 veterum
1159 3693 1347 3761 auctoritate
1360 3693 1439 3756 scri·

370 3799 502 3888 psimus.
522 3797 635 3884 Itaque
653 3797 791 3868 similem
810 3819 940 3867 versum
961 3798 1244 3888 reprehenderunt
1264 3797 1437 3869 santiliares

371 3901 498 3983 Ovidii,
523 3903 557 3967 in
575 3902 676 3989 ipsius
698 3901 852 3992 trsgoedia
866 3900 1003 3979 Medea,
1030 3905 1087 3994 qui
1109 3927 1129 3968 a
1150 3903 1271 3971 Seneca
1295 3905 1438 3968 Contro-

371 4009 480 4074 versiis
500 4024 686 4090 annotatur,

473 4130 596 4185 Gelidum
607 4129 728 4196 boream,
740 4128 889 4203 gelidumve
900 4143 1002 4184 uotum.
