3118 5138
331 523 446 616 cxlviij
636 525 823 598 NOTITIA
848 527 1095 596 LITERARIA

375 651 469 741 1713.
488 654 621 719 Amsul.
640 655 744 737 inus,
760 649 848 745 apud
866 658 1012 722 lansson.
1029 653 1205 744 Waesberg.
1223 658 1260 722 L.
1280 659 1396 723 Annaei

327 760 455 824 Senecae
475 757 635 848 tragoediae
655 759 697 824 ad
718 760 895 826 editionem
915 759 1072 827 Gronorii
1094 759 1294 856 emendatae,
1317 787 1397 828 cum

329 866 414 930 notis
432 864 495 928 Th.
511 865 674 931 Farnobii.
698 867 867 932 Accedunt
882 868 1017 940 Hieron.
1031 866 1204 949 drantius,
1224 883 1257 932 et
1274 865 1395 957 Georg.

329 970 495 1044 Fabricius
516 968 557 1034 de
575 971 747 1060 generibus
770 973 951 1038 carminum
969 971 1058 1061 apud
1081 973 1118 1036 L.
1134 973 1220 1036 Anu.
1240 973 1398 1038 Senecam

330 1076 514 1166 tragicum.
528 1076 605 1142 Vid.
617 1078 826 1168 Hamberger.
836 1079 857 1144 l.
867 1085 899 1144 c.

373 1231 463 1244 --
472 1193 624 1278 londini,
644 1193 701 1260 fol.
713 1196 747 1268 in
766 1197 863 1287 Corp.
876 1210 963 1285 poet.
975 1197 1030 1260 lat.
1041 1195 1256 1272 Maittarianm
1272 1196 1338 1261 vol.
1353 1197 1397 1278 ΙΙ,

331 1323 363 1388 p.
378 1299 529 1372 sot-883.
837 1293 839 1298 ’

379 1405 471 1494 1728.
488 1405 628 1496 Delphis,
640 1408 709 1488 ind
718 1408 791 1490 maj.
800 1408 887 1498 apud
895 1407 972 1484 Adr.
981 1409 1110 1472 Bemanz
1123 1409 1159 1477 L.
1171 1409 1258 1472 Anu.
1268 1406 1399 1486 Senecae

333 1509 507 1600 tragoediae,
522 1533 598 1586 cum
613 1513 699 1580 notis
714 1513 848 1602 integris
862 1513 911 1580 Jo.
927 1511 1012 1578 Frid.
1033 1511 1208 1595 Gronovii‚
1226 1527 1260 1576 et
1273 1511 1399 1576 selectis

332 1615 415 1680 lusti
434 1614 549 1702 Lipsii,
565 1615 612 1681 M.
631 1618 709 1681 Ant.
728 1617 845 1699 Delrii,
863 1617 933 1681 lani
953 1615 1109 1698 Gruteri„
1128 1617 1168 1680 Η.
1185 1616 1399 1698 Commelini,

333 1720 399 1790 los.
415 1719 584 1808 scaligeri,
603 1720 742 1784 Danielis
758 1737 792 1784 et
807 1721 932 1786 Nicolai
948 1707 1306 1801 Heinsiorum,'Th0m.
1318 1722 1399 1784 Far-

334 1825 421 1888 nabii
438 1825 657 1913 aliorumque3
676 1823 819 1913 itemque
835 1826 1112 1892 observationibus
1130 1825 1398 1916 nonnullis'flug.

333 1929 449 1994 Grotii.
482 1930 600 1994 Omnia
630 1931 809 2013 recensuit3
833 1947 944 2015 notas,
970 1929 1282 2014 animadversiones,
1301 1947 1400 2020 atque

334 2032 474 2098 indicem
499 2055 623 2098 novum
648 2033 1002 2122 locupletissimumqne
1030 2034 1167 2122 adjecit3
1193 2023 1300 2123 ipsum
1321 2057 1400 2101 vero

335 2139 475 2204 auctoris
508 2153 686 2227 syntagma
711 2160 787 2202 cum
820 2139 878 2204 MS
912 2137 1032 2202 Codice
1065 2140 1203 2204 eontulit
1228 2141 1277 2205 lo.
1306 2143 1400 2229 Casp.

335 2242 542 2308 Schrwderus.
568 2277 614 2292 -·
632 2241 857 2325 Schroederus,
885 2242 1003 2308 scholas
1039 2243 1231 2333 Delphensis
1264 2245 1400 2326 Rector,

335 2348 481 2438 quamvis
502 2345 632 2412 duobus
652 2348 732 2412 MSS
753 2363 786 2412 et
807 2347 880 2413 edd.
892 2348 1006 2413 Venet.
1028 2349 1110 2435 1493
1137 2365 1171 2414 et
1196 2349 1291 2414 Paris.
1317 2347 1400 2427 1514

337 2477 433 2538 usus,
458 2455 493 2518 in
513 2469 603 2518 textu
618 2452 845 2536 Gronoriano,
864 2476 962 2542 quent
983 2455 1140 2542 sequitur,
1158 2455 1238 2518 nihil
1257 2456 1401 2536 novavit,

335 2561 393 2626 sed
418 2561 493 2626 satis
514 2559 645 2641 habuit,
664 2559 811 2624 lectionis
834 2560 1019 2624 varietatem
1044 2560 1078 2624 in
1104 2560 1190 2630 notis
1214 2559 1401 2648 significare.

337 2667 459 2756 Durius
476 2664 517 2730 de
532 2666 601 2746 ejus
621 2663 731 2731 studio
745 2663 903 2745 judicium
922 2665 1033 2730 vidia
1053 2668 1125 2729 Act.
1143 2664 1242 2729 Erud.
1259 2690 1287 2730 a.
1308 2665 1403 2754 1728,

336 2795 369 2862 p.
390 2769 469 2854 448,
491 2771 584 2852 cujus
610 2787 725 2835 auctor
742 2771 842 2836 Gottl.
861 2773 980 2852 Korte;
1002 2769 1154 2836 adversus
1171 2793 1269 2858 quem
1286 2771 1402 2836 eodem

337 2899 425 2942 anno
441 2875 576 2964 Delphis
593 2875 788 2965 prodierunt
800 2874 981 2948 Schroederi
998 2889 1145 2946 notarum
1163 2888 1194 2939 ct
1208 2877 1404 2942 animadver-

336 2985 457 3047 sionum
480 2981 528 3046 ad
547 2982 671 3047 Senecoe
697 2981 871 3070 trcgoedias
899 2981 1047 3046 vindtct'cc
1073 3005 1096 3044 a
1117 2979 1350 3048 dt'stortt'om'bus
1373 2998 1405 3046 ec
1535 3017 1538 3024 ·

238 3092 242 3102 '
337 3088 505 3154 calumniis
516 3087 653 3176 alternus
668 3110 711 3151 ex
724 3087 892 3152 edr'toribus
904 3088 1054 3152 Actorum
1065 3087 1257 3152 uuddorum
1267 3087 1405 3176 Lipsien-

338 3196 429 3260 sium.
438 3193 521 3259 Vide
536 3193 579 3258 sis
595 3193 690 3258 etiam
704 3193 850 3257 Diarium
863 3191 1176 3276 Amstelodamense,
1188 3191 1405 3282 Bibliothbque

339 3298 515 3382 raisomte'e,
532 3315 611 3363 tom.
625 3299 704 3380 VII,
720 3321 753 3385 p.
773 3301 830 3377 πάι
847 3321 895 3386 sq.
911 3297 968 3362 ubi
987 3297 1027 3362 de
1041 3298 1112 3379 lite,
1130 3321 1201 3386 quae
1214 3297 1404 3364 Schroedero

340 3405 520 3469 intercessit
537 3427 612 3468 cum
629 3405 699 3467 Car.
718 3403 819 3467 Andr.
836 3401 985 3482 Dukero,
1012 3425 1108 3490 quem
1131 3403 1183 3466 ille
1204 3419 1318 3490 praeter
1334 3426 1404 3468 rem

339 3535 399 3599 pro
416 3527 547 3576 auctore
558 3511 715 3574 habuerat
728 3509 862 3574 sinistrae
878 3531 1036 3591 censurae,
1047 3531 1118 3597 quae
1130 3508 1171 3574 de
1183 3509 1267 3574 illius
1284 3511 1406 3576 Seneca

339 3631 408 3679 erat
429 3617 557 3704 vulgata
581 3615 614 3678 in
641 3615 751 3680 Diario
778 3616 907 3706 Belgico
927 3615 1127 3696 ‘lhajectino‚
1154 3631 1186 3679 et
1208 3615 1343 3702 repetita
1368 3617 1403 3678 in

341 3719 440 3786 Novis
465 3721 611 3785 litorariis
635 3721 863 3811 Lipsiensibus.
886 3720 967 3784 Inde
988 3743 1065 3786 ansa
1083 3719 1157 3783 data
1175 3719 1307 3784 Dukero
1332 3721 1408 3784 sori-

340 3824 456 3890 bendae
479 3827 601 3890 acerbae
629 3826 784 3915 apologiae
809 3843 842 3894 et
868 3827 902 3890 in
922 3825 1148 3891 Schroederum
1177 3825 1342 3890 invectivae
1370 3825 1406 3888 in

343 3931 528 4020 praelatione
544 3931 585 3996 ad
600 3931 826 4020 Thucydidem
844 3955 863 3996 a
878 3955 912 3996 so
927 3931 1061 3996 editum.

375 4045 445 4098 Usus
460 4055 499 4098 est
516 4043 684 4098 Schrtrderun
697 4045 838 4099 chartaceo
851 4043 943 4098 codice
957 4063 1037 4098 manu
1056 4056 1178 4109 exarato,
1189 4062 1220 4098 ert
1240 4042 1407 4096 Bibliotheca

340 4127 506 4199 l'rajectina,
518 4127 672 4200 recentioris
683 4128 792 4201 quidem
802 4130 901 4195 etatis,
913 4129 958 4184 sed
972 4131 1017 4202 qni
1032 4127 1117 4186 videri
1127 4139 1214 4200 posset
1224 4125 1409 4181 conformatus
