3172 5138
366 445 439 530 in,
710 446 765 512 ln
792 432 1076 514 an'nsrrn

362 596 413 649 pro
426 581 451 628 r'rt
458 595 555 646 poenorn
568 573 700 636 ostendere,
715 575 831 628 inutiliter
841 587 864 627 et
877 593 963 644 magno
975 595 1027 626 cum
1036 578 1115 644 pretio
1126 587 1196 647 atque
1210 577 1273 628 mulo
1286 581 1422 644 ostendam

363 658 400 708 sic
417 656 443 707 in
459 658 610 724 Agomcmu.
622 655 694 718 682,
710 677 719 696 s
736 655 879 725 tranquillo
894 653 964 706 Male
977 653 1082 708 confise
1092 653 1204 707 credunt
1218 655 1314 710 iterum
1326 659 1421 732 Petsgo

359 733 479 789 somnes.
494 761 504 781 ι
520 733 598 786 Both.
615 733 743 804 quivisse
759 752 808 805 pro
821 739 889 786 vivas
901 735 1023 804 reponit,
1041 734 1103 784 mole
1115 733 1148 786 cd
1167 739 1233 786 cisae
1252 737 1420 792 referendum

361 827 461 883 censet,
476 815 654 884 interpretans
666 839 677 858 ι
691 811 785 865 domos
804 831 870 883 ques
889 812 985 866 vidisse
1006 812 1072 865 odeo
1089 813 1156 865 mihi
1174 814 1309 869 funestum
1327 832 1353 871 et
1372 822 1420 874 mi·

361 882 448 948 serum
463 893 522 946 fuit.
539 890 770 962 -sed‚¹quoniam
788 897 854 944 coos
872 911 927 946 non
948 893 1062 965 recipio,
1077 911 1132 945 non
1149 912 1238 964 opere
1254 897 1369 966 pretium
1389 901 1420 953 sit

359 972 521 1044 dijudicare,
540 970 605 1043 quid
624 971 732 1024 virtutis
754 971 868 1025 habeant
891 976 1032 1042 conjuncte
1057 974 1136 1026 serbe
1159 977 1226 1024 virm
1249 988 1276 1028 et
1299 979 1420 1031 mete.-

362 1055 446 1106 Vivor.
458 1052 560 1105 Primus
576 1048 714 1106 contendit
728 1051 821 1104 Heius.
834 1052 954 1122 ineptum
969 1071 1024 1105 esse
1035 1055 1118 1118 uices,
1134 1065 1161 1104 et
1180 1071 1229 1124 pro
1246 1059 1315 1108 uicos
1329 1057 1417 1122 domoc

358 1131 430 1204 qnod
450 1150 504 1184 uon
529 1129 670 1183 ferendum
694 1131 834 1200 opinatur,
857 1131 919 1202 legit
942 1136 1054 1202 antiques
1073 1133 1163 1184 donoc
1186 1133 1278 1186 Refert
1300 1135 1418 1190 Gronov.

359 1215 388 1264 in
410 1213 527 1265 Floreat.
550 1210 662 1282 reperiri
682 1215 765 1273 uisos,
784 1208 857 1281 quod
871 1205 950 1278 (licet
972 1203 1083 1264 fitentur
1099 1230 1114 1264 n
1129 1211 1188 1264 Nic.
1206 1213 1316 1267 Heinsio
1333 1219 1418 1268 inrisos

356 1281 489 1363 proponi)
514 1289 673 1343 servendum
696 1290 827 1356 affirmem
850 1308 945 1360 nempe
969 1288 1022 1343 dici
1048 1294 1117 1342 cives
1139 1291 1222 1342 dorios
1244 1311 1293 1362 per
1319 1293 1415 1366 hypati.

357 1390 407 1442 pro
422 1373 550 1422 uiuentium
566 1371 664 1430 domos,·
677 1370 715 1423 sic
734 1369 792 1421 Liv.
809 1369 856 1421 lib.
871 1371 1057 1440 Vl,'gregotim
1073 1371 1178 1442 quotidie
1195 1371 1225 1422 de
1236 1373 1296 1437 som
1311 1375 1417 1428 oddicrm

356 1451 427 1513 draci,
441 1463 465 1502 et
477 1450 562 1520 repleri
576 1453 663 1500 cinctis
679 1449 767 1500 nobiles
782 1449 878 1510 domos,
891 1461 915 1500 et
928 1450 1058 1522 utcmque
1069 1453 1186 1518 petricius
1199 1451 1305 1514 habitet,
1319 1453 1352 1504 ibi
1364 1475 1415 1506 car-

357 1549 430 1582 cerem
444 1533 564 1601 privatum
584 1549 640 1580 esse.
659 1527 721 1580 ttae
737 1526 805 1581 Livii
823 1527 940 1582 Botheus
957 1524 1026 1582 nihil
1040 1527 1072 1582 sd
1085 1545 1141 1582 rem
1159 1524 1248 1582 incere'
1262 1532 1415 1598 arbitretur,

356 1629 442 1681 neque
457 1607 512 1661 dici
525 1627 602 1680 posse
621 1611 689 1660 ciros
708 1607 789 1660 domos
804 1607 871 1661 sicut
888 1609 976 1660 nobiles
994 1608 1075 1660 domos
1089 1629 1097 1660 :
1112 1609 1233 1680 objurget
1248 1610 1414 1666 vehementer

356 1689 538 1753 Grouovinw,
554 1702 584 1742 ut
599 1687 650 1740 sibi
663 1689 729 1740 mele
740 1699 918 1752 constantem,
931 1687 976 1759 qui
991 1701 1049 1740 tum
1063 1689 1091 1740 in
1106 1688 1196 1740 multis
1210 1688 1267 1741 eliis
1283 1690 1348 1743 locis
1359 1707 1412 1744 tum

355 1769 499 1840 presertim
507 1769 534 1820 in
548 1767 636 1840 primo
643 1765 808 1820 emendando
820 1765 953 1838 tregoedise
966 1785 1043 1820 versu
1057 1768 1145 1820 omnin
1158 1767 1305 1820 Florentiui
1318 1771 1357 1822 sui
1368 1791 1412 1824 nu-

356 1849 471 1901 ctoriteti
484 1859 641 1919 postponet,
655 1858 681 1899 et
692 1847 719 1900 in
731 1847 783 1899 hoc
792 1847 873 1900 tertio
881 1865 959 1900 versu
973 1847 1099 1918 optimsni
1112 1843 1212 1900 codicis
1223 1848 1262 1900 sui
1276 1848 1415 1916 lectionem

355 1931 467 1982 omittet.
492 1927 593 1998 Arripit
611 1927 693 1997 igitur
711 1931 792 1990 visos,
809 1925 882 1997 quod
904 1927 1093 1997 interpretetur
1115 1927 1187 1997 quasi
1210 1927 1341 1980 scribetur
1363 1934 1411 1999 quis

356 2009 414 2060 milri
426 2007 529 2058 ostendit
541 2008 596 2058 eseli
607 2008 680 2058 lucem
686 2009 739 2076 jem
752 2019 823 2058 antea
835 2008 893 2058 milei
904 2007 975 2069 mole,
992 2005 1018 2058 id
1033 2019 1082 2067 est,
1099 2006 1201 2073 infauste
1214 2009 1308 2067 uisam
1318 2026 1412 2079 nempe

354 2088 449 2140 dorion
463 2105 514 2158 pro
529 2086 584 2139 celi
603 2084 784 2158 accipiendum
803 2099 833 2137 ut
849 2087 876 2138 in
890 2087 968 2138 Herc.
987 2086 1037 2138 fur.
1057 2086 1110 2138 585
1131 2097 1156 2137 et
1173 2085 1263 2138 multis
1279 2087 1344 2139 eliis.
1360 2087 1411 2140 Nos

354 2181 456 2229 nutem,
476 2183 651 2236 quecumque
662 2165 821 2236 congesserit
838 2165 968 2228 Botheus,
982 2171 1051 2217 vim
1064 2166 1226 2229 retinemus,
1238 2165 1267 2217 in
1280 2165 1411 2238 plerisque

352 2246 431 2299 MSS.
455 2257 481 2297 et
501 2243 563 2297 edd.
586 2245 739 2310 inventum,
762 2245 811 2297 reti
826 2242 854 2297 id
876 2245 977 2316 optime
999 2242 1051 2315 pro'
1071 2248 1177 2314 cicorum
1198 2245 1279 2296 domos
1291 2249 1411 2317 usurpari

354 2343 439 2396 posse.
458 2325 566 2377 Frustra
583 2323 710 2393 objicitur
723 2323 773 2376 elin
794 2337 820 2376 et
839 2323 942 2376 diverse
961 2343 1016 2378 esse
1035 2329 1103 2376 ciros
1119 2325 1201 2377 dones
1219 2337 1245 2377 et
1259 2325 1347 2378 nobiles
1368 2327 1411 2378 do·

353 2425 402 2457 mos
415 2425 424 2457 .·
436 2423 490 2456 non
507 2403 571 2460 inde
593 2403 725 2473 sequitur,
738 2402 811 2474 quod
831 2405 911 2456 serbo
933 2404 1014 2456 domos
1033 2423 1087 2457 non
1107 2405 1216 2457 attribui
1236 2405 1338 2474 possint
1356 2425 1412 2477 quse

352 2496 423 2538 recte
436 2482 471 2536 de
486 2501 529 2535 eos
544 2483 723 2536 incolentibus
738 2481 791 2535 dici
806 2497 924 2554 queunt:
938 2487 1007 2536 otras
1023 2484 1104 2536 domos
1121 2501 1177 2536 non
1193 2483 1316 2554 displicet
1331 2488 1410 2557 magis

352 2581 432 2636 quem
449 2575 539 2626 eostre,
557 2563 707 2634 tranquille,
723 2583 824 2624 exure,
847 2568 954 2615 innocuo
976 2563 1066 2616 domm
1084 2563 1140 2617 Nec
1159 2562 1278 2616 diffiteor
1298 2567 1358 2617 reeh
1379 2567 1410 2618 sb

350 2644 453 2697 ostendit
464 2643 524 2712 pius
533 2643 604 2712 justo
615 2640 748 2713 disjungi:
760 2656 786 2696 st
797 2641 819 2694 si
832 2644 892 2694 mole
904 2641 937 2695 sd
949 2645 1163 2704 enuncientur,
1174 2661 1229 2696 non
1241 2644 1328 2698 multo
1340 2663 1408 2697 coni-

351 2722 455 2777 modius
470 2719 593 2776 collocari
604 2719 774 2792 judicabitur.
790 2723 896 2774 Deorum
911 2741 1016 2794 quoque
1030 2742 1080 2796 pro
1095 2725 1150 2774 eseli
1162 2723 1246 2794 accipi
1261 2741 1316 2776 non
1329 2743 1406 2796 nege-

350 2805 450 2868 verirn3
466 2800 512 2855 sed
523 2801 544 2854 si
556 2806 624 2854 ciros
636 2801 742 2872 legeris,
758 2803 840 2854 ὡιιιιι
855 2803 930 2855 nnllo
943 2803 995 2857 elio
1009 2804 1091 2856 serbo
1104 2814 1177 2873 eget,
1190 2821 1244 2873 qno
1259 2800 1406 2857 definietur.

349 2883 472 2955 Denique
487 2879 555 2934 'udde
569 2880 642 2952 quod
660 2886 713 2954 quis
727 2883 822 2934 deorum
837 2882 981 2936 rectissime
995 2883 1119 2935 convenit
1137 2901 1196 2935 cum
1214 2882 1291 2936 inter.
1309 2901 1335 2936 v.
1357 2883 1406 2948 13,

349 2967 454 3036 quisquis
460 3002 524 3016 .....
536 2962 609 3013 durus
622 2961 757 3014 crebrarum
772 2961 869 3024 arbiter,
884 2976 933 3015 etc.

388 3045 414 3096 8.
431 3045 561 3110 Differem.
580 3040 622 3093 Sic
642 3040 718 3093 MSS.
736 3042 831 3094 Perisn
851 3045 934 3111 8027,
957 3045 1049 3106 8028,
1065 3055 1090 3094 et
1108 3040 1171 3094 edd.
1189 3041 1406 3095 Philotimus.

348 3127 443 3176 Arent.
458 3121 560 3175 Febris.
578 3122 648 3174 Delr.
667 3121 751 3173 Scriv.
766 3133 792 3174 et
811 3123 1006 3186 recentiorum
1020 3121 1113 3175 metius
1131 3119 1239 3192 quidem
1255 3139 1333 3192 quesn
1347 3123 1407 3188 dese·

348 3223 413 3266 rens,
424 3201 497 3272 qnod
516 3201 650 3254 invenitur
667 3201 694 3253 in
711 3198 812 3254 Isoerd.
823 3199 911 3272 AEgid.
924 3215 950 3254 et
962 3202 1094 3272 plerisque
1106 3201 1199 3254 Periss.
1209 3201 1323 3254 Volebat
1337 3202 1405 3254 Gru-

348 3295 420 3335 terus
432 3280 553 3335 substitui
566 3282 669 3349 differor
682 3294 727 3334 out
738 3281 847 3348 differat,
860 3281 999 3352 quonism,
1010 3293 1040 3334 nt
1052 3281 1176 3352 putnbnt,
1187 3299 1241 3332 non
1252 3292 1356 3352 poteret
1366 3299 1406 3334 re-

347 3364 402 3434 peti
412 3367 493 3424 seuit,
506 3360 578 3433 quod
593 3359 782 3422 edsocieudum
797 3361 888 3431 potius
899 3359 1022 3413 credebat
1036 3362 1095 3413 soci
1109 3361 1259 3430 gestandus:
1269 3361 1405 3413 manifesto

346 3459 451 3506 errore,
466 3461 526 3493 nem
542 3441 610 3494 nihil
625 3441 770 3512 simpiicius
787 3453 813 3493 et
827 3441 934 3493 latinius
949 3459 1029 3512 quarn
1046 3440 1073 3491 in
1090 3457 1161 3510 seqq.
1177 3439 1317 3492 subaudiri
1333 3445 1404 3492 uenit.

346 3523 410 3574 Jure
426 3538 534 3592 qnoque
546 3521 694 3592 interroget
711 3520 829 3574 Gronov.
847 3518 972 3572 adversus
988 3520 1147 3584 Gruterum,
1158 3517 1223 3589 quid
1239 3519 1285 3572 fiet
1300 3518 1334 3571 de
1347 3539 1404 3572 ver-

345 3601 417 3653 sibus
440 3600 627 3672 sequentibus,
644 3598 756 3653 admisso
777 3601 1026 3670 disseret:oporteot
1047 3600 1119 3651 enim
1143 3599 1267 3650 substitui
1285 3613 1404 3668 posceret

340 3680 439 3750 jacebit,
458 3697 516 3751 quse
531 3678 710 3750 respondeant
724 3677 885 3750 precedenti
901 3679 982 3731 verbo
996 3678 1101 3746 diffiter.
1113 3677 1176 3731 Vid.
1195 3691 1251 3730 not.
1269 3697 1322 3748 seq.

386 3780 412 3828 9.
432 3761 482 3826 Qui
496 3777 565 3830 specu
581 3773 651 3811 vesto
663 3772 755 3830 petens.
774 3759 826 3811 Pro
842 3759 883 3812 his
903 3757 1008 3830 reperio
1029 3760 1056 3809 in
1075 3758 1210 3830 plerisque
1229 3757 1305 3811 MSS.
1326 3760 1401 3818 meis,

345 3857 449 3890 necnon
466 3839 494 3890 in
507 3851 571 3892 vett.
587 3837 648 3892 edd.
660 3859 750 3910 semper
762 3859 893 3891 recrescens
902 3842 977 3908 J'ecur.
992 3838 1096 3908 Lipsius
1110 3849 1251 3907 utramque
1265 3837 1401 3890 lectionem

345 3919 372 3970 in
389 3917 445 3970 MS.
464 3937 511 3969 suo
527 3917 725 3988 deprehendit:
741 3917 813 3972 unde
831 3916 970 3971 contendit
993 3917 1154 3989 Repheleng.
1179 3915 1346 3969 scribendum
1365 3923 1403 3987 qut

342 4017 412 4068 specu
428 4009 496 4048 costo
508 4011 606 4067 patens,
625 4011 697 4050 retus
712 3997 832 4051 additum
851 4017 941 4067 semper
958 4015 1089 4050 recrescens
1099 4001 1169 4067 jecor
1184 4013 1198 4048 a
1213 3995 1401 4068 glossographis

345 4081 391 4148 qui
410 4079 465 4130 haec
484 4076 574 4130 Nostri
596 4079 676 4130 verbe
698 4077 725 4129 in
742 4077 823 4148 Hipp.
844 4077 934 4140 1234,
949 4078 1074 4148 Meumqre
1086 4096 1164 4146 porse
1183 4095 1272 4144 semper
1290 4087 1402 4126 recensent

340 4163 423 4228 jecur,
441 4156 623 4208 meminerant.
643 4157 884 4226 Rephelengiennm
904 4159 1044 4210 lectionem
1063 4157 1165 4226 respuit
1184 4154 1275 4208 Delrio
1291 4149 1399 4222 (1594),
