3090 5142
519 515 822 588 DtssERTaTlO.
1096 511 1180 606 ιω]

107 631 397 700 exerdtationibus
409 633 452 700 ad
463 634 650 714 condendas
665 658 735 701 uno
746 649 901 700 contextu
913 633 1080 724 tragoedias
1092 635 1182 702 facile

107 739 320 806 merebantur
332 740 487 820 juvenes,
503 763 572 806 nen
592 742 655 808 alio
675 758 783 810 umen
800 764 899 831 mam
916 741 1084 808 rhetorice
1106 743 1184 808 artis

12 851 14 884 l
109 860 272 934 respectu.

154 951 270 1016 Potuit
283 965 318 1016 et
332 949 423 1016 aliud
437 949 603 1033 adhiberi,
617 951 708 1040 quod
723 952 757 1018 in
770 952 854 1019 reris
868 951 1053 1018 orationum
1064 950 1114 1017 vel
1121 948 1184 1014 dis·

109 1057 324 1144 putationum
342 1055 552 1122 retractandis
566 1058 764 1147 argumentis
780 1055 850 1124 fieri
865 1057 998 1124 solebat.
1018 1054 1183 1138 Quemad-

111 1159 249 1226 modum
260 1161 498 1228 enim-materia
507 1160 777 1229 declamationum
790 1162 984 1252 ponebatur,
996 1183 1093 1248 quam
1104 1161 1181 1226 olim

112 1265 346 1334 celeberrimus
367 1266 483 1354 aliquis
500 1284 610 1332 orator
627 1282 833 1349 tractaverat,
850 1268 913 1352 sic,
930 1266 965 1336 in
981 1265 1032 1330 his
1050 1265 1183 1354 poeticis

112 1371 725 1456 etrbetorieieexeroitationibus,cum
739 1371 1038 1462 tragicisreteribus
1049 1370 1183 1439 certatio
1258 1457 1262 1470 .

112 1475 281 1564 quedam,
306 1493 346 1543 ut
371 1477 544 1544 verisimile
567 1493 635 1560 est,
662 1477 901 1546 instituebatur.
931 1475 1092 1545 Eumdetn
1117 1476 1185 1540 lere

111 1598 251 1671 auqtre
273 1604 327 1650 res
350 1583 474 1650 exitum
494 1583 619 1654 babuit.
642 1583 771 1666 Orator,
786 1599 844 1654 aut
857 1599 969 1671 poeta,
987 1583 1044 1670 qui
1059 1581 1184 1670 primus

111 1703 346 1778 argumentum
362 1705 590 1780 occupaverat,
606 1689 755 1760 minimae
769 1689 909 1760 materiae
924 1705 1028 1778 partes
1043 1705 1077 1752 et
1092 1687 1184 1774 quasi

112 1795 251 1860 brutula
273 1795 454 1863 successori
477 1795 697 1883 relinquebat3
725 1813 759 1864 et
775 1819 843 1884 qaao
860 1796 987 1878 nujore,
1004 1793 1137 1882 ingenio
1152 1806 1185 1856 et

113 1902 285 1991 sagacitate
307 1901 520 1986 inclaruerat,
535 1925 576 1968 eo
598 1904 719 1971 certius
735 1903 978 1968 existimabatur
1006 1923 1078 1988 quae
1101 1922 1183 1989 prae·

113 2007 206 2095 ta'pua
224 2021 261 2074 et
276 1988 414 2072 meliora
428 2024 521 2074 erant
538 2008 751 2097 praeripuisse.
769 2009 942 2097 Frangitur
956 2023 1066 2072 autem
1082 2005 1183 2094 tnagis

115 2135 210 2200 quam
224 2111 414 2180 intenditur
429 2113 557 2178 animus
577 2113 641 2202 (a),
667 2113 746 2180 dum
769 2115 885 2180 nititur
905 2129 939 2178 et
960 2111 1184 2179 contenditur

116 2218 223 2284 eadem
248 2218 346 2284 noris
361 2219 468 2284 verbis
484 2221 627 2308 proferat
645 2243 655 2285 ε
674 2243 787 2286 rerum
818 2236 851 2285 et
878 2219 1056 2284 naturalem
1081 2217 1183 2282 animi

116 2325 274 2414 impeturn
305 2325 425 2414 excipit
450 2327 547 2392 ardor
575 2326 708 2415 quidam
734 2327 923 2408 arcessitus3
951 2325 1181 2392 sublimitatem

115 2427 352 2518 decoremque,
382 2429 491 2496 inflata
521 2430 668 2520 quedam
695 2431 885 2524 tumidaque
907 2429 1181 2521 magniloquentia

115 2551 146 2600 et
161 2535 281 2626 frigida
297 2553 368 2602 arte
383 2539 573 2626 compositu
588 2540 742 2604 orationis
757 2539 900 2630 argutiae.

153 2641 185 2704 Si
206 2641 343 2706 Senecas
365 2642 532 2732 tragoedias
552 2644 596 2708 iu
614 2644 762 2709 conditas
786 2646 886 2710 subse
906 2643 1119 2722 arbitremur,
1143 2656 1181 2706 ut

115 2744 235 2833 singula
253 2763 512 2834 congererentur
527 2769 600 2836 que
617 2747 792 2837 splendidis
808 2749 975 2836 aeutisque
995 2745 1179 2827 sententiis,

115 2849 224 2936 amplis
242 2848 519 2939 descriptionibus
536 2853 711 2942 liberisque
728 2852 1015 2918 declamationibus
1036 2847 1179 2918 serendis

117 2956 319 3020 occasionem
347 2955 479 3039 darent,
505 2981 557 3024 eas
582 2959 647 3024 boc
673 2976 939 3026 ornamentorum
967 2979 1085 3046 genere
1111 2977 1178 3020 non

117 3081 219 3126 cerere
232 3058 423 3144 fatendum,
443 3085 516 3152 quoe
535 3079 700 3147 auctores,
719 3088 787 3154 quo
806 3065 930 3152 scriptu
946 3079 1025 3128 sunt
1043 3062 1178 3142 saeculo,

118 3164 235 3230 aridius
264 3167 485 3234 sectabantur.
514 3169 633 3234 Omnia
657 3169 698 3234 ad
724 3167 1001 3258 perstringendam
1027 3169 1120 3232 lautis
1147 3183 1179 3232 et

118 3269 251 3357 copiosis
281 3269 553 3361 descriptionibus
581 3275 765 3340 animorum
795 3275 912 3358 aciem,
943 3272 984 3337 ad
1010 3271 1180 3361 capiendas

118 3376 275 3465 tergestis
288 3377 458 3442 sententiis
472 3395 615 3460 mentes,
630 3395 663 3442 et
674 3379 762 3447 vario
777 3379 1015 3455 rhetoricorum
1029 3377 1179 3444 artificio·

118 3584 281 3657 etgendernt
290 3585 441 3651 meteriuet
450 3588 527 3660 quasi
540 3589 568 3643 in
580 3606 678 3660 corpus
687 3589 766 3644 eant?
778 3589 844 3644 Erat
851 3590 1008 3661 optimum}
1016 3590 1170 3657 (Quinulun

117 3675 158 3742 ll,
170 3693 219 3740 ro,
230 3679 269 3746 4.)
280 3677 360 3730 Conl.
372 3676 435 3730 dial.
452 3677 486 3730 de
502 3678 595 3732 Cauris
607 3691 728 3752 sumpt.
745 3681 817 3754 eloq,
831 3698 890 3758 rap.
900 3681 945 3734 35.
961 3680 1069 3736 Peteon.
1080 3699 1140 3754 cap.
1152 3699 1178 3734 r.

117 3761 187 3817 ldera
196 3776 311 3818 testator
319 3765 470 3828 luvenalis,
481 3767 608 3830 Satvll,
617 3781 644 3819 t.
657 3767 722 3820 150:

283 3913 424 3960 Declamare
436 3913 518 3968 moes,
534 3931 549 3960 o
564 3913 640 3962 ferrea
650 3925 746 3978 pectore
757 3915 837 3970 Vetti,

283 3989 366 4046 Quum
378 3988 471 4050 perimit
481 4005 555 4036 savos
565 3990 644 4036 cleeris
657 4005 780 4037 numerosa
792 3999 910 4049 ursanus.

148 4129 285 4195 (1)on
299 4130 327 4183 in
347 4129 451 4202 Proleg.
470 4129 504 4184 ad
524 4131 661 4186 Denrortb.
678 4142 747 4185 orat.
764 4129 826 4186 adv.
844 4131 948 4203 leptin.
964 4150 990 4204 p.
1002 4133 1045 4201 39.
