3118 5138
388 514 442 608 cvj
613 514 678 582 DE
703 515 956 584 GENERIBUS
981 516 1230 585 CARMINUM

389 637 592 726 Capherides,
610 635 792 720 Polyxena,
798 635 1000 725 facinorum,
1016 652 1049 700 et
1066 653 1126 719 ter,
1145 641 1304 702 emmeno.
1321 639 1455 706 Tribra-

376 746 483 834 ¹ehym
503 765 637 840 quoque
651 759 702 807 ter
722 759 851 810 tentum
869 759 1007 842 usurpat
1020 744 1057 815 in
1072 743 1135 810 han
1155 743 1232 810 sede
1249 745 1382 832 quinta,
1402 747 1456 811 di-

383 851 547 916 ctionibus
565 849 677 914 itidem
695 848 956 937 quadrisyllabis:
969 848 1106 932 scilicet,
1123 847 1276 938 Luetfica
1288 868 1402 940 negat,
1416 853 1454 916 in

384 956 560 1046 Hippolyto
570 980 580 1038 ς
587 953 740 1042 pestfira
754 969 876 1018 movent
887 1001 895 1028 ‚
908 955 948 1047 in
965 955 1104 1020 Hercule
1119 956 1267 1039 furente3
1287 957 1382 1022 Lucti
1396 981 1455 1022 em

379 1085 509 1150 gerens,
532 1061 566 1125 in
584 1059 725 1148 OEdipo.

426 1168 519 1231 Sexta
540 1164 631 1229 sedes
646 1186 774 1254 semper
787 1164 886 1228 habet
901 1165 1036 1229 unicum
1052 1165 1218 1248 iambum3
1239 1167 1313 1231 iicet
1330 1169 1455 1234 Massa·

378 1275 449 1337 rius
464 1269 627 1342 affirnuas
647 1269 844 1359 tribrachym
867 1272 901 1336 in
918 1272 982 1336 hoc
1002 1272 1119 1337 ultimo
1133 1272 1237 1361 pede,
1259 1295 1326 1338 non
1348 1275 1453 1340 modo

380 1378 519 1443 adducat
535 1377 634 1441 illum*
643 1399 772 1441 versum
792 1377 954 1466 tragoediae
970 1377 1120 1443 Herculis
1137 1379 1292 1461 furentis,

517 1531 555 1585 Ut
567 1549 637 1602 sepe
650 1549 752 1603 puppes
764 1542 841 1584 estus
854 1530 952 1584 invitas
962 1532 1056 1603 recipit
1067 1548 1075 1595 ;

376 1704 434 1769 ubi
471 1701 633 1792 profecto,
663 1701 691 1763 si
719 1714 845 1764 vetusta
868 1702 1060 1789 exemplaria
1087 1704 1306 1784 consulueris,
1337 1707 1440 1793 rapit,

378 1831 445 1874 non
462 1809 585 1896 noivit,
599 1821 649 1870 est
663 1801 857 1893 legendum3
879 1803 935 1868 sed
951 1803 1048 1869 etiam
1063 1806 1145 1870 citet
1162 1807 1253 1871 illum
1268 1831 1418 1890 versum,

519 1959 552 2012 Et
566 1957 621 2010 ieta
633 1955 705 2010 rioi:
721 1967 806 2008 morte
819 1967 970 2028 contempta
981 1953 1066 2023 redii;

377 2123 433 2186 ubi
459 2141 518 2209 per
537 2116 711 2206 synmreein
732 2132 780 2180 est
802 2116 944 2198 iambus,
967 2138 1035 2180 non
1056 2134 1246 2206 anapaestus.
1265 2119 1454 2186 SicAscen-

379 2229 446 2292 sius
465 2223 620 2289 Mamurio
637 2222 864 2303 consentiens,
889 2245 958 2286 non
980 2221 1082 2288 modo
1103 2245 1203 2311 super
1218 2224 1361 2290 dictione
1383 2227 1450 2294 Ca·

377 2331 528 2422 piar-ides
542 2329 654 2394 scribit
670 2351 738 2392 esse
752 2327 934 2416 spondeum
945 2328 980 2391 in
991 2328 1106 2392 eodem
1120 2345 1208 2394 serto
1222 2330 1317 2419 pede,
1333 2355 1452 2396 verum

382 2440 475 2504 etiam
500 2438 533 2501 in
554 2435 618 2499 fine
636 2433 771 2498 Troadis
787 2433 948 2523 tragoediae
963 2449 1060 2500 sextoe
1074 2435 1152 2500 dicit
1168 2435 1342 2526 legendum
1360 2461 1453 2518 esse,

385 2541 569 2630 Wrginibur
587 2540 718 2616 teneris,
738 2553 776 2600 ut
791 2539 832 2602 sit
849 2555 1028 2627 anapestus
1042 2541 1075 2604 in
1094 2541 1207 2604 ultima
1219 2541 1367 2606 trimetri.
1379 2543 1453 2631 Ego

385 2665 492 2712 aurem
503 2643 628 2724 jamdiu
643 2643 775 2730 scripsi,
791 2665 905 2709 omnes
921 2664 1033 2708 versus
1050 2645 1212 2711 trimetros
1230 2645 1454 2735 undequaque

315 2765 318 2772 '
383 2751 567 2844 prohabihs
599 2765 632 2813 et
664 2749 805 2816 sinoems
827 2821 831 2830 ,
846 2749 983 2812 inveniri
1021 2749 1108 2838 apud
1146 2751 1318 2832 Sene'eam,
1350 2775 1456 2841 penes

384 2882 481 2949 quem
497 2857 605 2922 nullus
619 2871 668 2920 est
684 2877 945 2938 remanseram,
962 2855 1073 2922 nulius
1085 2857 1195 2938 exlex,
1212 2881 1270 2923 eeu
1283 2869 1453 2939 καιάμτμς,

385 2965 495 3030 nullus
509 2964 725 3051 hypermeter‚
743 2961 852 3025 nulius
869 2961 1167 3049 hypermtalenms,
1187 2964 1295 3030 nuliius
1312 2964 1454 3052 brachy-

385 3070 574 3148 caraieotus,
594 3065 653 3132 sed
674 3087 789 3130 omnes
811 3067 891 3130 meri
909 3067 1094 3132 acatalosti:
1113 3069 1210 3134 etiam
1230 3091 1297 3136 non
1323 3086 1456 3136 constat

387 3177 471 3241 ullus
488 3197 528 3238 ex
539 3173 654 3239 iambis
671 3171 835 3253 omnihus,
845 3171 935 3258 quod
947 3173 1093 3262 gravium
1108 3175 1304 3263 tragioorum
1323 3175 1375 3238 lex
1395 3173 1455 3242 de-

384 3283 615 3346 cernit.1mmo
625 3277 744 3341 Seneoa
758 3291 871 3344 noster
881 3278 927 3344 sie
942 3277 1006 3345 suit
1016 3296 1196 3346 metrorum
1206 3302 1243 3344 ae
1253 3279 1453 3368 syliabarum

386 3383 702 3463 observantissimus,
722 3398 760 3449 ut
782 3405 857 3453 cum
875 3383 1076 3474 Hieronymo
1092 3382 1267 3463 Alcandro,
1283 3384 1453 3452 literarum

386 3509 418 3556 et
434 3490 596 3582 religionis
612 3489 737 3552 cultura
757 3489 826 3552 viro
839 3488 1042 3570 uenerando,
1057 3490 1156 3555 libeat
1170 3491 1369 3572 consentire,
1384 3513 1456 3554 om·

387 3619 462 3660 nem
479 3598 606 3659 Senecae
621 3615 750 3656 versum
768 3593 883 3682 procul
897 3591 999 3658 dubio
1019 3592 1228 3682 depravatum
1243 3617 1329 3675 esse,
1352 3617 1454 3682 quem

386 3715 528 3788 receptas
543 3697 718 3762 scansionis
735 3721 864 3762 normas
884 3698 1061 3788 transgredi
1076 3697 1261 3764 offenderis.

430 3802 522 3895 Nego
541 3821 692 3894 praeterea
707 3803 856 3868 collocari
875 3804 1050 3868 trochaeum
1067 3805 1100 3868 in
1123 3803 1229 3892 aliqua
1247 3803 1322 3868 sede
1339 3827 1455 3869 versus

386 3911 544 3992 trimetri3
573 3907 660 3973 unde
681 3907 823 3972 demiror
842 3908 1023 3997 improbam
1041 3909 1258 3998 quorumdam
1282 3907 1454 3974 audaciam

385 4016 593 4082 clamantium
606 4015 784 4086 trocheum
797 4037 866 4080 esse
880 4015 912 4078 in
925 4017 1039 4103 quinta
1051 4014 1126 4080 sede
1138 4017 1257 4082 horum
1271 4015 1370 4083 trium
1383 4039 1457 4078 ven

386 4145 481 4186 suum
497 4146 506 4205 3
521 4143 662 4208 quornm
674 4121 800 4209 primus
815 4136 863 4183 est
878 4121 913 4184 in
925 4122 1083 4209 Thyeste,
1096 4121 1239 4186 secunda
1253 4119 1425 4210 tragoedia,
