3172 5138
387 547 462 634 344
725 547 781 616 ru
814 545 1098 615 ruvasusu

425 697 489 748 ²70·
505 678 570 740 Hoc,
585 680 672 739 anime,
685 695 781 748 occupa.
797 676 905 748 Optima
918 677 1013 740 lectio,
1028 692 1107 746 quam
1120 673 1223 746 primns
1236 673 1343 728 monuit
1357 677 1435 728 Con·

385 759 445 811 mel.
459 758 487 809 in
505 773 559 809 uno
573 755 656 808 veteri
669 755 782 809 inveniri
800 756 891 809 :illam
904 754 1088 827 provulgata,
1103 755 1155 817 boc,
1170 756 1257 816 ιιιιίιιιι,
1274 757 1360 824 incipe,
1375 757 1436 808 sub-

383 839 526 891 stituerunt
541 836 632 888 Heius.
646 835 765 890 Gronov.
781 831 824 897 (ex
838 832 969 897 Floreat.)
983 834 1088 906 Bipout.
1104 833 1183 888 Both.
1200 845 1229 884 et
1240 831 1339 886 Badeo.
1355 834 1435 890 Paris.

383 929 474 970 noster
487 914 562 977 8034
576 914 655 967 babet
665 933 774 986 quoque
786 935 800 968 a
812 913 929 968 secunda
942 932 1023 966 manu
1037 931 1132 983 occupo.

426 994 611 1065 275.Auimum
621 994 709 1046 Daulis
718 998 807 1064 inspim
815 1014 911 1064 parens,
925 993 1051 1063 Sororque.
1064 994 1151 1046 Loam
1162 991 1195 1045 ab
1203 989 1350 1045 editoribus
1359 1011 1436 1064 quam

385 1076 499 1128 maxime
511 1086 633 1137 vexatus,
644 1085 671 1125 et
682 1073 726 1125 oui
739 1071 846 1127 demum
855 1073 1006 1128 Gronovius
1016 1070 1145 1124 medelam
1158 1089 1191 1124 ex
1200 1071 1358 1124 Florentino
1370 1084 1437 1124 attu-

383 1155 423 1208 lit.
434 1157 544 1208 Veteres
559 1150 621 1206 edd.
635 1152 853 1206 exhibebantant
867 1150 1032 1220 onimumfilio
1044 1155 1133 1223 r'ospivu
1145 1143 1193 1212 (sic
1206 1150 1312 1221 Grypb.
1327 1152 1437 1221 liaphel.

386 1234 515 1287 Commei
528 1231 600 1285 Deir.
615 1231 692 1284 Grut.
706 1232 797 1285 Heius.
810 1231 893 1284 Scriv.
907 1233 984 1284 Fara.
997 1226 1104 1302 Thyn),
1119 1242 1165 1282 aut
1174 1233 1278 1282 animum
1284 1229 1338 1299 filii
1348 1234 1437 1302 inspiro

385 1305 490 1381 (Avant.
502 1313 581 1364 Vian.
597 1307 680 1374 Petr.)
694 1324 739 1364 aut
752 1315 854 1366 mimum
868 1315 921 1363 noti
935 1313 1024 1381 inspiro
1037 1306 1126 1371 (Feru.
1143 1308 1230 1379 AEgid.
1246 1307 1363 1371 philol).
1380 1311 1436 1362 Ple·

384 1392 461 1463 rique
477 1391 555 1444 MSS.
573 1394 676 1442 animum
694 1394 747 1442 uoti
759 1393 848 1462 inspiro
864 1411 873 1442 :
890 1389 927 1444 sio
943 1387 1145 1461 quatuordecim
1162 1388 1256 1441 Parias.
1275 1389 1439 1460 Intelligebat

384 1469 492 1542 quidem
511 1469 601 1522 Delrio
615 1460 720 1539 (1594)
741 1470 856 1523 invocari
875 1470 996 1522 Procnen
1010 1481 1037 1520 et
1050 1468 1236 1532 Philomelam
1250 1465 1296 1520 sed
1309 1468 1438 1523 fatebatur

386 1549 476 1603 omnia
491 1567 555 1602 voce
563 1547 621 1618 filio
637 1549 757 1614 turbari,
770 1568 850 1621 quam
865 1567 919 1604 non
935 1561 1038 1619 poterat
1051 1547 1219 1619 interpretari
1234 1565 1241 1599 :
1256 1549 1344 1600 locum
1360 1548 1438 1618 igitur

386 1630 424 1683 sic
439 1629 579 1700 castigabat
595 1647 602 1680 ε
617 1630 730 1682 Αιιὶιιιιιιιι
745 1630 841 1681 similem
855 1633 944 1699 uupiru
956 1645 1052 1698 pareus,
1068 1627 1193 1698 Sororque.
1209 1625 1323 1698 Scaliger
1338 1621 1438 1694 (1611)

386 1709 452 1762 nihil
467 1709 649 1780 proponebat,
664 1707 712 1761 sed
725 1707 873 1762 declarabat
884 1707 1036 1772 historiam,
1047 1719 1091 1759 aut
1102 1705 1216 1760 fabulum
1230 1725 1285 1759 esse
1296 1705 1438 1776 inexplica-

385 1789 475 1842 bilem.
488 1788 580 1840 Heins.
592 1788 630 1840 sic
642 1787 693 1858 legi
705 1789 812 1842 volebat
823 1788 937 1842 Animum
945 1785 1003 1856 filio
1018 1789 1106 1857 irupiro
1118 1805 1206 1856 puteus
1221 1786 1354 1858 Furorque.
1371 1792 1438 1840 Tan·

387 1867 447 1921 dem
456 1868 608 1923 Gronovius
617 1885 649 1919 ex
657 1867 769 1920 Etrusco
777 1867 919 1922 lectionem
927 1865 1047 1932 refluxit,
1056 1866 1106 1918 hoc
1117 1863 1198 1920 modo
1209 1882 1216 1917 :
1227 1863 1342 1918 Animum
1353 1866 1438 1918 maus

387 1950 484 2016 inspiro,
504 1960 553 2000 eto.
574 1946 675 1999 Omnes
693 1946 732 1999 illi
752 1947 888 2018 suffragati
905 1958 981 2010 sunt,
999 1964 1054 1998 non
1074 1946 1160 1997 forsan
1181 1957 1211 1997 ut
1226 1963 1315 1998 veram
1336 1943 1439 1998 Seneca
1456 1963 1460 1971 ¹

386 2027 527 2080 lectionem
541 2026 677 2090 afferenii,
692 2025 738 2078 sed
754 2025 870 2078 lucidam
883 2026 973 2079 saltem
988 2037 1013 2077 et
1026 2024 1159 2077 intellectu
1171 2023 1331 2077 facillimam.

429 2124 495 2176 ²77·
508 2106 602 2159 Avidus
611 2118 689 2175 poter.
701 2107 733 2159 Iu
747 2104 821 2158 MSS.
835 2118 861 2158 et
875 2115 938 2158 vett.
952 2103 1014 2157 edd.
1028 2103 1111 2156 ovidio
1120 2122 1217 2173 parens,
1232 2101 1306 2174 quod
1320 2103 1436 2156 Gronov.

388 2205 419 2238 ex
436 2185 548 2238 Etrusco
564 2185 689 2249 mutavit,
705 2185 830 2257 quoniam
849 2203 900 2238 vox
913 2203 999 2254 pareus
1016 2181 1050 2236 de
1065 2194 1148 2236 matre
1163 2182 1287 2253 proxime
1301 2183 1439 2253 precessit.

431 2265 496 2319 286.
507 2265 562 2316 Hoc
573 2266 713 2333 profeciat.
725 2264 768 2318 Sio
779 2264 899 2336 plerique
910 2263 984 2316 MSS.
998 2261 1097 2326 nostri,
1109 2274 1139 2315 ut
1148 2258 1227 2316 codd.
1240 2261 1350 2332 Rapbel.
1365 2261 1441 2314 Gom·

389 2343 450 2394 mel.
463 2356 489 2396 et
497 2342 616 2396 Gruteri.
628 2345 716 2395 Faciat
725 2343 752 2395 in
764 2343 845 2395 Paris.
858 2343 931 2410 639⁵
944 2355 970 2395 et
980 2340 1041 2396 edd.
1052 2341 1132 2394 Feru.
1143 2339 1243 2394 nond.
1254 2342 1349 2394 Avant.
1360 2341 1438 2394 Visa.

388 2422 492 2492 Grypb.
505 2423 575 2475 Petr.
591 2421 693 2474 Fabric.
705 2420 817 2491 Rapbel.
832 2421 960 2474 Cornmel.
976 2421 1048 2472 Delr.

429 2500 495 2555 ²88.
515 2501 573 2553 Non
591 2512 688 2570 poterut
704 2503 766 2571 cupi.
787 2502 819 2552 In
839 2501 928 2554 multis
945 2513 1007 2554 vett.
1028 2497 1088 2552 edd.
1106 2500 1194 2552 locum
1211 2500 1249 2552 sic
1269 2497 1439 2570 dispunctam

388 2580 624 2650 legimus:1or'mico
637 2580 804 2631 creditounota
816 2599 826 2631 :
837 2599 883 2632 non
892 2582 981 2650 poterit
993 2582 1053 2649 cupi.
1065 2579 1133 2632 Aru.
1144 2578 1201 2631 Nisi
1209 2597 1292 2648 cupere
1302 2579 1387 2633 uellet.
1399 2579 1441 2632 ste

387 2676 493 2730 quoque
511 2655 663 2730 quindecim
684 2658 768 2712 nostri
788 2658 882 2712 Parias.
903 2658 1010 2712 Monuit
1031 2669 1119 2710 autem
1140 2657 1268 2711 Commel.
1291 2659 1319 2710 in
1341 2659 1441 2729 optimo

389 2738 501 2808 exempl.
509 2750 606 2808 poterat
617 2757 681 2798 esse,
695 2736 768 2809 quod
779 2749 882 2792 secutus
893 2751 932 2791 est
944 2751 1019 2790 vetus
1028 2736 1168 2808 interpres.
1176 2737 1246 2790 Hinc
1254 2737 1346 2790 Heius.
1358 2738 1440 2791 Scriv.

388 2817 499 2870 Furnab.
514 2817 595 2887 Thys-
607 2818 727 2872 Gronov.
740 2817 847 2888 Bipont.
861 2817 940 2870 Roth.
953 2815 1051 2870 Baden.
1061 2827 1159 2886 poterut
1175 2833 1351 2888 assumpsere,
1363 2835 1441 2887 quam

388 2895 494 2966 quidem
514 2897 671 2962 lectionem,
691 2897 796 2949 latinam
815 2909 886 2950 certe
904 2909 930 2950 et
947 2894 1082 2950 sententiae
1103 2895 1278 2965 aptissimam,
1297 2897 1442 2967 proferunt

389 2976 472 3029 nostri
486 2977 579 3030 Pariss.
598 2977 684 3041 8031,
697 2976 786 3038 8260,
803 2977 889 3030 8263.

432 3059 495 3124 289.
510 3055 567 3110 Nisi
584 3075 666 3126 capere
685 3056 765 3107 oribe.
788 3055 883 3108 «Forte
902 3059 929 3107 ιιιΙ
944 3075 1059 3124 emere»,
1080 3054 1168 3125 inquit
1185 3055 1354 3119 Gronovius,
1370 3052 1443 3125 quod

391 3132 498 3204 quidem
511 3134 539 3186 in
555 3134 635 3187 Paris.
653 3135 726 3188 8261
745 3134 862 3188 invenio.
877 3133 928 3188 Sed
940 3147 1011 3188 recte
1026 3132 1162 3187 adnotavit
1175 3135 1254 3189 Both.
1267 3151 1337 3205 saepe
1351 3151 1443 3206 prooe-

388 3213 570 3267 leusmatioum
593 3214 642 3266 hao
659 3212 722 3267 sede
743 3214 841 3267 Nostro
860 3212 997 3278 adhiberi,
1018 3213 1162 3285 praesertim
1179 3214 1225 3266 ubi
1245 3231 1340 3284 magum
1363 3213 1443 3266 animi

390 3293 555 3365 perturbatio
570 3305 616 3346 est.
629 3291 694 3346 Vid.
708 3292 781 3346 Med.
795 3296 860 3363 670.
873 3291 972 3346 Troad
989 3293 1039 3355 36.
1053 3305 1102 3345 etc.

433 3391 496 3442 apo.
511 3374 618 3426 Maitontr'
624 3373 726 3439 suluten.
742 3373 819 3426 Fern.
832 3385 859 3426 et
871 3370 971 3424 leons-d.
985 3375 1096 3424 minantis
1101 3372 1220 3439 fulminis.

432 3453 497 3506 300.
513 3451 610 3504 Liberos
620 3457 670 3522 ejus
680 3451 758 3506 mdes.
772 3452 842 3504 Mira
853 3453 928 3504 fuere
943 3449 1001 3503 Nic.
1014 3450 1106 3504 Heius.
1120 3449 1237 3516 fastidia,
1252 3451 1299 3520 qui
1310 3453 1363 3521 ejus
1374 3451 1444 3504 nulla

391 3529 469 3584 MSS.
485 3531 639 3584 auctoritate
652 3528 824 3602 repudiabat,
836 3544 863 3584 et
874 3530 1048 3583 substituebat
1060 3533 1113 3583 oeoi.

431 3609 496 3663 302.
515 3613 600 3663 Preces
621 3611 749 3663 movebunt.
770 3610 846 3662 Hanc
865 3609 1006 3663 lectionem
1023 3608 1203 3680 reposuimus,
1222 3627 1236 3660 a
1255 3609 1444 3662 recentioribus

391 3687 470 3752 falso,
487 3703 517 3743 ut
531 3690 607 3743 nobis
622 3687 742 3752 videtur,
757 3687 931 3759 repudiatam.
949 3687 993 3740 Sic
1009 3685 1118 3758 quidem
1132 3687 1253 3758 plerique
1267 3701 1332 3740 vett.
1348 3700 1375 3740 et
1387 3707 1444 3740 orn·

328 3811 329 3816 ,
391 3785 455 3832 nes,
472 3769 500 3820 ui
514 3769 607 3834 fallor,
623 3768 740 3840 exceptis
752 3767 893 3838 Philologo
908 3779 935 3820 et
950 3766 1076 3820 Grutero.
1095 3770 1218 3820 Attamen
1233 3767 1341 3836 Lipsius
1353 3785 1385 3819 ea
1398 3787 1444 3820 suo

392 3845 483 3900 codice
493 3846 609 3900 laudavit
619 3851 694 3901 Prere
703 3846 857 3910 commovebo,
867 3846 938 3918 qnod
949 3846 1101 3900 Gronovius
1110 3863 1220 3918 quoque
1231 3846 1257 3898 in
1268 3846 1387 3900 Floreat.
1398 3865 1444 3899 suo

392 3925 502 3978 invenit.
518 3925 569 3980 Sed
583 3946 666 3998 quum
680 3945 782 3991 veram,
794 3927 846 3980 boc
862 3925 987 3982 admisso,
1004 3925 1178 3990 claudicaret,
1193 3926 1323 3978 Commel.
1337 3943 1369 3978 ex
1382 3944 1444 3996 qus·

390 4016 452 4057 tuor
470 4003 546 4059 MSS.
566 4007 791 4076 proconissos-edunt
810 4005 917 4069 extulit,
933 4023 947 4056 a
964 4005 1097 4070 Gruteru,
1114 4005 1244 4075 Scaligero
1262 4017 1290 4056 et
1309 4003 1445 4057 Gronnrio

390 4085 531 4155 probatum
551 4098 578 4138 et
597 4087 631 4138 ab
650 4085 774 4138 omnibns
792 4084 981 4138 recentioribus
1001 4096 1163 4156 usurpatum.
1186 4085 1241 4136 Nos
1259 4082 1293 4136 ad
1311 4085 1445 4154 antiquam

388 4163 530 4216 lectionem
542 4164 731 4218 recurrendum
738 4163 925 4235 judicavimus,
933 4163 1058 4234 quoniam
1072 4155 1100 4217 1⁰
1110 4165 1309 4216 Proscomuooere
1317 4181 1445 4233 nuquam

389 4243 452 4296 'alias
464 4242 567 4313 legitur.
584 4233 612 4296 2⁰
622 4243 649 4295 Si
661 4243 747 4314 potuit
758 4245 868 4296 rerbmn
882 4262 895 4296 a
910 4243 1007 4297 Nostro
1022 4248 1119 4309 creari,
1131 4243 1222 4296 saltem
1235 4240 1327 4296 debuit
1340 4242 1444 4296 solitam
