3118 5138
525 739 860 833 DRAMATIS
894 735 1215 828 PERSONAE.

806 977 939 1000 —n-n-

473 1144 613 1214 JUNO.

473 1267 752 1337 HERCULES.

475 1388 647 1458 LYCUS.

475 1509 697 1580 MEGARA.

475 1630 814 1703 AMPHITRYON.

474 1755 711 1826 THESEUS.

474 1879 682 1950 CHORUS
708 1875 1074 1944 THEBANORUM.

785 2085 969 2111 ...m—-

706 2239 1053 2296 ARGUMENTUM.

350 2414 489 2474 Hercules
504 2416 653 2493 Megaram
668 2411 698 2468 in
713 2408 929 2468 matrimonium
945 2409 1081 2485 (luxerat,
1095 2410 1183 2470 filiam
1197 2413 1343 2486 Creontis,
1357 2415 1411 2492 qui

388 2525 508 2584 regnum
530 2503 608 2582 apud
630 2501 785 2562 Thebanos
809 2501 967 2560 obtinebat.
1000 2507 1078 2562 Dum
1109 2523 1178 2564 vero
1206 2504 1254 2563 ille
1280 2506 1410 2579 inferos,

389 2595 544 2673 Eurysthei
556 2595 654 2672 jussu,
673 2599 854 2672 penetraret,
871 2593 999 2656 Euboeus
1018 2597 1148 2674 quidam,
1167 2599 1282 2656 nornine
1296 2604 1411 2675 Lycus,

361 2745 364 2748 .
390 2709 509 2770 regnum
524 2701 648 2767 occupat
662 2709 716 2766 per
730 2688 914 2764 seditionem,
927 2710 1081 2769 regemque
1093 2703 1123 2749 et
1134 2691 1207 2750 filios
1218 2695 1279 2768 ejus
1294 2685 1410 2750 o'eeidit.

389 2787 464 2842 Tum
477 2787 624 2860 Megaram
640 2781 676 2839 ad
693 2781 806 2860 nuptias
824 2781 975 2854 sollicitat,
993 2795 1022 2839 et
1037 2783 1094 2840 vim
1111 2794 1195 2860 parat
1210 2781 1356 2841 abnuenti.
1371 2788 1413 2841 At

391 2875 539 2948 Hercules,
547 2885 715 2952 opportuno
723 2872 828 2956 reditu,
841 2873 993 2932 factionem
1002 2875 1074 2952 Lyci
1083 2872 1247 2952 proturbat,
1256 2875 1413 2952 ipsumque

391 3060 533 3132 furorem,
542 3079 602 3136 quo
613 3071 763 3140 correptus
775 3063 895 3118 uxorein
905 3077 986 3118 suam
995 3077 1061 3117 curn
1072 3057 1171 3118 liberis
1182 3059 1314 3118 trucidat.
1322 3059 1413 3134 Quod

391 3152 442 3211 ubi
452 3153 566 3211 saniore
576 3164 672 3210 mente
679 3151 835 3224 intellexit,
844 3151 953 3210 doloris
963 3152 1127 3231 impatiens,
1134 3153 1183 3210 vix
1193 3151 1415 3230 Amphitryonis

389 3257 419 3303 et
430 3244 535 3304 Thesei
548 3242 682 3322 precibus
695 3243 850 3317 detinetur,
863 3263 900 3303 ne
914 3241 970 3301 sibi
982 3257 1103 3312 mortem
1116 3244 1237 3316 inserat,
1248 3255 1277 3301 et
1283 3243 1416 3302 Athenas

390 3356 456 3396 cum
472 3337 585 3398 Theseo
603 3335 770 3415 purgandus
789 3336 988 3414 proficiscitur.
1005 3333 1087 3414 (vid.
1104 3355 1167 3414 quae
1188 3335 1224 3394 de
1241 3339 1367 3394 Creonte
1384 3348 1416 3393 et

389 3430 468 3504 Lyco
482 3429 660 3500 notavimus,
673 3447 701 3486 v.
720 3428 777 3486 256
794 3441 823 3486 et
839 3433 922 3507 270).

630 3693 1128 3730 u———n-OOOO--m-
