3090 5142
110 555 1180 586 mmmmmmmmmmmnsmmmmw

211 899 720 1056 rnnoonnlrs
761 949 1083 1058 sunnon

149 1170 443 1240 HISTORICA
467 1172 529 1238 ET
551 1171 760 1240 CRITICA
785 1172 1156 1268 DISSERTATIQ‚

429 1360 630 1408 anoronn
655 1337 878 1422 IACOBS‚
1093 1317 1096 1332 ¹

311 1523 347 1557 1!
377 1523 555 1564 ΜἸΙΑΙΙΟ
581 1523 749 1558 ΜΗΔΙΟ
777 1523 999 1561 nonssou.
1072 1529 1074 1534 ’

505 1655 789 1685 ----.“ο....-.ψ

119 1755 211 1856 Hm
224 1810 311 1876 saepe
326 1787 475 1852 instituta
489 1788 622 1875 quaestio
635 1803 700 1870 est,
716 1811 775 1852 cur
787 1811 838 1854 ars
850 1791 968 1880 tragica
981 1809 1046 1856 tam
1061 1795 1186 1861 medio-

118 1917 202 1958 crem
222 1897 338 1958 Romae
363 1893 529 1978 fortunam
551 1892 709 1958 habuerit.
737 1894 835 1974 Cujus
857 1883 989 1982 quidem
1012 1899 1058 1962 rei
1083 1924 1185 1988 quum

118 2001 222 2089 plures
231 2000 335 2064 allatae
347 2000 413 2064 siut
429 2021 548 2080 causta,
562 2021 614 2062 ees
629 2015 753 2082 tamen,
771 2002 939 2087 quantavis
956 2003 1082 2068 solertia
1095 2029 1186 2072 exco-

119 2106 244 2193 gitatas,
259 2103 302 2168 ad
315 2103 500 2168 solvendam
512 2103 733 2174 difficultatem
744 2105 833 2184 houd
842 2106 916 2170 satis
930 2106 1186 2176 efficacesfuisse

11 2213 13 2280 Q
120 2233 325 2298 nequaquam
342 2211 443 2274 miror
456 2207 514 2296 (r).
540 2209 593 2274 Sic
613 2225 645 2272 et
665 2210 754 2274 nulia
772 2211 927 2276 haetenus
949 2231 1076 2302 reperta
1091 2233 1185 2298 sunt,

120 2317 233 2404 quibus
259 2331 350 2380 nerto
373 2315 601 2403 explicaretur,
617 2337 676 2380 cur
697 2315 798 2380 Gallia
816 2316 898 2400 adeo
914 2319 1048 2384 inferior
1063 2324 1184 2386 ceteris

120 2421 305 2486 recentioris
329 2419 559 2508 erigentibus
582 2418 665 2508 epici
685 2419 834 2509 carminis
857 2421 952 2486 laude
973 2423 1160 2490 substiterit.

159 2529 341 2615 Angustam
364 2523 451 2614 apud
474 2527 638 2588 Romanos
663 2523 822 2615 tragoediae
844 2525 1065 2592 conditionem
1087 2532 1184 2596 fuisse

11 2699 12 2712 χ
120 2649 185 2696 tum
202 2632 384 2720 praesertim
402 2630 520 2718 liquet,
547 2653 649 2718 quum
666 2630 780 2694 litterae
799 2653 939 2696 romanae
962 2655 1038 2697 curn
1057 2639 1184 2724 graecis,

119 2737 205 2826 quod
221 2736 292 2801 fieri
310 2737 410 2817 solet,
424 2752 662 2823 comparantur.
670 2737 793 2798 Verum
808 2737 876 2800 haec
891 2737 958 2824 ipsa
970 2745 1183 2828 comparatio,

119 2845 143 2906 si
164 2859 238 2932 apte
263 2841 411 2906 instituta
436 2841 548 2922 fuerit,
571 2863 636 2930 prae
663 2831 785 2904 caeteris
808 2841 916 2906 forsan
940 2843 1041 2908 rideri
1063 2849 1182 2934 possit,

120 2971 178 3035 qua
196 2945 307 3012 nodus
324 2944 520 3034 expediatur.
543 2945 653 3010 Atticen
675 2945 827 3035 indigena
849 2970 915 3010 non
947 2950 1054 3013 minus
1078 2955 1183 3040 poesis

120 3053 187 3131 fuit,
200 3075 301 3140 qnam
313 3049 472 3114 Acharnis
492 3049 627 3128 hedera,
644 3066 701 3114 aut
717 3050 866 3138 thymum
883 3052 1038 3139 Hymetto
1053 3078 1060 3120 :
1081 3059 1181 3120 mori·

119 3157 195 3238 bus,
215 3156 353 3220 deorum
373 3155 471 3218 sacris
491 3154 659 3242 gentisque
681 3155 851 3218 ambitioni
875 3154 1010 3221 admista
1035 3176 1102 3223 erat
1118 3175 1183 3224 tra·

120 3263 216 3354 goedia
233 3279 266 3327 et
286 3262 378 3349 qnasi
397 3260 546 3325 adtexta:
567 3283 627 3349 pro
644 3262 766 3354 ingenii
783 3262 887 3349 palma
901 3279 1019 3350 poetae,
1035 3287 1096 3350 pro
1112 3287 1182 3329 ma-

119 3369 307 3460 gnificentiae
321 3383 354 3431 et
369 3367 583 3454 exquisitioris
600 3364 713 3448 judicii
734 3367 817 3430 sama
834 3367 927 3429 varim
945 3369 1057 3456 populi
1078 3371 1183 3434 tribns'

119 3476 198 3541 inter
219 3498 254 3540 se
274 3474 443 3540 certabant
458 3471 515 3562 (a).
535 3469 583 3536 Ea
605 3472 639 3536 in
665 3471 826 3562 tragoediis
854 3471 999 3537 solebant
1022 3475 1183 3560 exhiberi,

150 3671 187 3736 (ι)
203 3669 295 3732 Absit,
306 3672 349 3720 'ut
368 3676 460 3720 nostra
479 3665 693 3740 interpretatione
713 3664 780 3718 nibil
801 3684 857 3720 non
878 3666 1016 3738 explanari
1030 3652 1181 3726 credamus.
1211 3683 1214 3695 '

11 3769 12 3776 ¹
118 3755 238 3808 Externan
251 3766 356 3808 tantum
370 3771 464 3808 musas
476 3753 572 3806 afferre
587 3753 754 3818 studuimus,
772 3772 831 3825 que
847 3753 951 3807 latinam
964 3756 1131 3830 tragediam,
1148 3779 1182 3814 ne

11 3887 12 3896 .
118 3844 144 3896 in
158 3845 249 3898 melina
268 3843 443 3915 processerit,
457 3842 615 3898 inhibuere:
637 3855 759 3916 querant
780 3842 838 3908 alii,
856 3842 990 3896 fuerintne
1004 3857 1029 3897 et
1042 3845 1182 3914 interiores
1242 3901 1244 3906 ,

118 3949 197 3984 muse
210 3938 334 4004 (nempe,
352 3930 431 3984 verbi
443 3932 544 4001 gratia,
556 3948 589 3982 nn
604 3929 715 3984 Romani
730 3941 792 4002 apto
806 3927 840 3983 ad
856 3929 908 3984 hoc
923 3931 1096 3986 excolendum
1115 3953 1181 4006 poe·

118 4037 170 4072 tent
180 4037 261 4092 genna
272 4019 384 4090 ingenio
396 4017 556 4088 caruerint),
576 4029 602 4070 et
613 4015 686 4070 unde
703 4016 753 4070 ille
771 4017 924 4072 exstiterint.

149 4110 185 4176 (a)
201 4109 303 4163 Tribus
327 4107 393 4180 ipen
417 4117 553 4179 sumptum
573 4104 608 4160 ad
624 4104 724 4160 edenda
745 4108 893 4178 spectacula
903 4145 912 4172 ,
931 4109 1021 4164 saltem
1039 4129 1073 4164 ex
1091 4123 1181 4184 parte,

202 4212 232 4278 I.
259 4227 416 4290 &neopum
428 4220 504 4270 tertia.
1036 4209 1065 4276 d
