3172 5138
388 517 922 592 Amusuvnnsrortss.
1111 529 1187 631 339

122 644 244 704 sustulit,
259 657 286 700 et
299 643 334 698 dc
347 645 488 709 Ascensio,
500 645 547 717 qui
561 645 631 700 illem
645 649 755 702 verbum
768 650 979 722 procedentibus
990 655 1127 730 adjunxit,
1141 661 1188 717 de·

124 727 179 778 leto
192 729 274 788 munt,
288 724 340 780 boc
354 723 435 778 modo
448 743 455 777 :
467 726 494 777 F
493 727 574 796 lugent
586 732 702 782 mortuum
713 733 755 783 sin·
769 729 824 789 Cor.
837 745 862 783 et
869 736 1078 805 prerustuflnmma
1089 745 1188 795 uisceri-

124 805 170 856 bns
182 824 192 855 .·
207 821 315 876 sequor:
330 817 443 874 uterque
457 819 552 858 contra
566 806 695 862 librorum
709 807 799 862 iidem.

169 902 234 938 ror.
256 885 340 947 Hunc,
361 903 392 946 o,
410 886 527 952 fissorum.
551 885 629 940 Ferri.
650 887 751 941 isnard.
775 889 862 961 AEgid.
884 893 990 947 mens.
1011 899 1107 952 Avant.
1127 917 1188 955 cum

124 963 217 1018 multis
237 963 330 1018 Parias.
348 963 431 1028 Nunc,
450 983 475 1027 o,
489 966 605 1032 furorem.
623 965 748 1021 Occuriit
766 971 883 1041 primum
898 973 971 1026 Hune
986 975 1016 1028 in
1028 977 1188 1050 philologo,

123 1061 205 1112 quem
219 1043 303 1098 secuti
316 1055 381 1096 sunt
396 1042 480 1096 Scriv.
495 1044 572 1098 Fara.
587 1045 670 1117 Thys.
685 1047 805 1112 Gronov.
817 1049 925 1123 Bipont.
940 1054 1018 1110 Both.
1033 1055 1134 1112 baden.

169 1141 231 1179 ror.
247 1123 376 1176 Feruntur.
393 1122 485 1176 Heius.
500 1123 579 1179 Farn.
593 1136 619 1178 et
632 1126 716 1198 Thya.
724 1129 831 1193 seratur.

169 1203 232 1254 105.
245 1203 361 1269 Insernnr.
378 1201 429 1254 Sex
443 1203 537 1257 Parias.
552 1216 579 1257 et
592 1218 655 1258 vett„
669 1204 730 1260 etld.
745 1209 841 1275 inferos.
853 1211 947 1266 Parius.
965 1216 1037 1284 80²9
1054 1229 1081 1271 et
1095 1218 1187 1286 8035,

124 1300 151 1332 ur
169 1301 229 1336 ntes.

143 1279 231 1413 fi106.
248 1361 324 1414 Tuum
334 1398 340 1411 .
350 1399 356 1412 .
366 1361 470 1431 ‚pedem
484 1361 585 1414 Omnes
596 1367 665 1416 anto'
671 1364 807 1437 lipsium,
821 1378 892 1422 tuo..
903 1372 984 1442 ,peda
1002 1375 1188 1446 «Elegantius,

124 1440 216 1510 inquit
229 1439 289 1504 ille,
303 1439 382 1493 lectio
397 1441 496 1511 scripta
512 1444 697 1514 tunm..pede1n.
711 1470 722 1491 ι
742 1445 883 1500 Neminem
898 1461 986 1504 tamen
1004 1467 1066 1506 ente
1081 1455 1188 1510 Grono-

125 1521 216 1584 vium,
231 1519 346 1591 exceptis
361 1519 500 1586 Delrione,
515 1521 627 1575 Heinsio
640 1535 667 1576 et
683 1523 828 1596 Seiiverio,
846 1527 909 1582 huic
924 1531 1032 1586 lectioni
1049 1533 1188 1592 adussisse

124 1599 251 1652 arbitror.
482 1605 484 1610 ’

169 1685 234 1741 rrq.
250 1679 333 1748 Lnnge
348 1690 463 1742 remotos,
479 1677 528 1732 etcss
542 1679 586 1732 Sic
598 1679 671 1734 MSS.
689 1695 717 1735 et
733 1695 798 1737 vett.
814 1683 874 1739 edd.
893 1688 998 1745 Primus
1012 1693 1104 1746 Delrio
1122 1694 1188 1749 huic

124 1758 234 1810 lectioni
244 1756 412 1821 reclamavit,
421 1757 586 1830 interrogans
595 1778 649 1831 qno
660 1761 741 1816 modo
752 1764 836 1833 possit
847 1764 980 1832 (licitatus,
993 1771 1015 1824 si
1023 1772 1111 1825 Vicina
1120 1775 1187 1828 uada

122 1838 213 1906 gracili
229 1849 292 1888 terra
306 1837 407 1889 Isthmos
421 1837 534 1890 divellat?
548 1840 628 1892 Recte
644 1841 783 1912 respondit
799 1844 931 1917 Gruterus
948 1874 959 1896 ι
970 1850 1038 1904 velle
1050 1866 1187 1908 auctorem

124 1916 162 1970 ita
173 1915 336 1974 inhorruisse
345 1917 467 1986 pelagum
480 1914 595 1988 adventu
606 1920 726 1986 Tantali,
738 1935 767 1975 ut
778 1943 806 1976 se
815 1924 970 1981 subduxerit
981 1942 1095 2002 utroque
1105 1933 1187 1988 latere

123 1995 201 2066 aquis
218 1996 270 2049 snis
284 1994 401 2060 nudato,
417 1996 550 2068 lectasque
565 1995 625 2051 itleo
639 2001 770 2070 angustias
785 2006 841 2073 ejus
856 2007 943 2060 minus
958 2023 1081 2081 angustas
1096 2003 1186 2080 (unde

123 2072 209 2138 latus),
223 2077 374 2146 plusculum
392 2075 455 2127 hinc
469 2075 546 2130 illinc
561 2092 703 2148 apparente
716 2079 831 2136 utaris..
845 2083 894 2138 llis
907 2087 1066 2159 suffragatur
1079 2091 1186 2145 Grono-

122 2155 197 2222 vius,
212 2155 263 2207 uisi
279 2153 355 2225 qnod
367 2155 431 2206 latus
444 2175 459 2206 a
477 2155 573 2208 Seneca
589 2158 717 2229 scriptum
733 2160 837 2216 illinon
855 2166 917 2218 satis
929 2167 1028 2238 liquet;
1044 2171 1100 2223 litus
1113 2173 1184 2226 enim

123 2233 295 2294 florentinus
309 2233 404 2299 habet,
421 2245 449 2287 et
465 2235 640 2306 nequicquam
659 2236 858 2296 sdvermntibns
873 2243 948 2299 MSS.
962 2261 989 2300 et
1004 2247 1185 2316 editionibus,

122 2313 181 2365 lino
199 2314 227 2367 in
244 2325 397 2368 contextum
410 2312 578 2380 Gronovius,
596 2314 695 2370 codicis
712 2319 754 2372 sui
772 2322 957 2379 observantior
971 2345 1050 2398 qnam
1067 2348 1115 2401 par
1129 2345 1186 2398 est,

121 2392 207 2464 recipi
217 2393 308 2463 jubet3
323 2391 395 2464 quod
410 2411 493 2464 quum
506 2393 577 2446 effici
592 2414 648 2448 non
660 2416 736 2469 posse
749 2413 838 2470 putet,
855 2419 978 2459 manente
991 2421 1091 2461 remotos
1103 2431 1183 2477 sonos,

121 2471 258 2527 substituit
275 2476 369 2525 remotis
382 2476 453 2525 sonis:
469 2471 587 2527 Sclumd.
601 2475 658 2527 litus
672 2475 795 2548 adoptat,
810 2479 856 2534 sed
872 2498 971 2537 remotos
985 2507 1055 2540 sonos
1070 2491 1184 2557 retinet,

122 2551 303 2623 interpretans
322 2552 378 2604 litus
397 2547 481 2613 (recto
498 2550 585 2619 casu),
607 2555 672 2628 quod
681 2559 768 2623 fremit
787 2561 888 2614 Istlsmor
902 2555 970 2634 (per
992 2569 1185 2639 appositionem

121 2628 359 2702 dictum)stuctibus
368 2634 519 2704 propinques,
532 2633 603 2703 longe
614 2649 714 2688 remotos
724 2641 824 2692 merrdie
832 2661 910 2697 sonos.
921 2643 1067 2714 Badeniua,
1075 2664 1184 2718 contra,

122 2711 255 2764 Gronovii
273 2709 486 2764 emendationem
504 2713 642 2783 sequitur,
660 2733 740 2786 mam
758 2717 810 2771 hoc
828 2716 904 2775 Statii
921 2727 1059 2798 exemplo,
1073 2729 1185 2785 feliciter

121 2789 218 2857 allato,
236 2791 376 2845 confirmat
391 2808 399 2843 :
416 2791 579 2863 aMitemque
597 2792 748 2848 Corinthon
766 2797 891 2870 Linquit,
908 2803 979 2856 etin
996 2804 1090 2860 mediis
1109 2809 1184 2864 audit

122 2867 178 2922 duo
191 2870 269 2923 litora
281 2871 390 2942 campis.
400 2895 411 2916 ι
428 2874 551 2925 Attamen
566 2872 704 2943 antiquam
716 2875 857 2930 lectionem
871 2881 976 2936 restitui
988 2901 1050 2937 cum
1064 2888 1182 2956 Botheo,

121 2949 169 3020 qni
184 2963 255 3002 recte
268 2949 301 3006 ad
314 2950 387 3003 hunc
400 2949 509 3003 locum:
523 2953 625 3016 «Latus,
642 2951 659 3004 i.
677 2973 699 3007 e.
716 2953 784 3008 latus
796 2970 908 3029 repente
923 2960 1023 3029 factus,
1036 2966 1182 3038 refugiente

121 3029 251 3099 utrinque
264 3030 341 3082 mari.
358 3029 432 3082 Nihil
447 3029 569 3100 apertius.
581 3030 652 3084 Male
666 3033 754 3104 itaque
768 3036 874 3107 Lipsius
887 3039 967 3106 Intus,
982 3045 1049 3098 male
1063 3045 1180 3104 Florent.

120 3108 170 3160 lib.
184 3108 251 3171 lusu,
263 3122 401 3180 utcunque
413 3107 442 3162 id
453 3110 543 3163 fovent
555 3109 708 3166 Gronovius
719 3125 746 3166 et
757 3113 942 3182 Schrader-us,
956 3141 1022 3193 quor
1032 3128 1115 3181 satius
1126 3145 1182 3184 erat

120 3187 240 3242 Grutero
252 3190 398 3244 auscultare
412 3215 435 3240 ι.
447 3191 537 3242 Restat
551 3203 582 3243 ut
597 3192 738 3262 explanem
750 3195 821 3266 longe
834 3211 933 3251 remotos
948 3220 958 3253 :
971 3221 1032 3256 nam
1048 3207 1180 3275 Isthmos,

119 3268 176 3320 sive
185 3267 269 3332 latus,
279 3269 333 3322 sive
346 3269 421 3322 exilis
435 3269 485 3334 eit,
498 3288 593 3323 sonum
606 3271 743 3344 utriusque
758 3275 837 3330 maris
848 3279 958 3350 propius
969 3283 1044 3352 juxta
1056 3287 1181 3342 exaudire

119 3345 239 3400 videtur.
253 3349 373 3418 Intelliqe
384 3366 479 3402 sonum
490 3349 571 3404 unius
586 3350 665 3404 maris
678 3353 711 3405 ab
722 3353 830 3409 alterins
842 3376 908 3410 sono
920 3365 1059 3417 removeri.

164 3430 229 3480 116.
241 3426 322 3480 Sacer.
335 3425 387 3479 Alii
395 3447 483 3480 sacras.
894 3489 905 3510 ,

164 3507 318 3576 119.Argt.
336 3509 442 3560 Ascens.
461 3518 488 3560 et
504 3507 609 3580 Gryph.
628 3529 690 3564 cum
705 3514 841 3568 nonnullis
858 3516 933 3572 MSS.
950 3525 1021 3590 agri,
1041 3526 1178 3581 manifesto

117 3604 221 3639 errore.

163 3659 226 3718 1⁴23.
241 3663 364 3718 Curribus.
378 3666 450 3719 Vsu.
461 3665 522 3718 edd.
537 3679 564 3718 et
576 3669 652 3722 multi
664 3669 739 3724 MSS.
750 3672 849 3726 habent
860 3677 971 3730 turribus.
987 3679 1093 3737 Monuit
1104 3687 1179 3742 Delr.

116 3736 220 3812 (1576)
229 3745 258 3796 in
271 3743 430 3816 quibusdam
441 3747 601 3800 membranis
611 3748 727 3803 inveniri
735 3752 852 3818 curribus,
865 3755 1000 3826 quod·n0n
1014 3765 1124 3818 omniuo
1133 3771 1179 3822 ab·

115 3822 231 3877 surdum
240 3823 389 3892 judicabat,
401 3825 422 3878 si
432 3823 595 3879 intellectum
604 3827 684 3882 luerit
696 3829 731 3883 de
742 3829 873 3887 OEnomai
880 3874 888 3897 ‚
896 3836 1012 3910 Pelopis,
1025 3855 1052 3894 et
1062 3846 1175 3902 aliorum

115 3922 263 3975 procorum
282 3904 414 3958 curribus.
432 3905 613 3978 Rapbelengio
627 3907 748 3979 placebat
766 3911 881 3976 uersibus,
903 3931 1012 3989 propter
1031 3929 1175 3983 certamina

115 3983 275 4055 Olympico,
288 3984 364 4056 qussi
376 3984 482 4036 currito
491 4003 542 4057 pro
550 3988 656 4040 cursibus
663 3991 789 4062 usurpari·
793 3994 897 4063 poetice
908 4014 962 4049 non
973 4001 1064 4070 possit.
1074 4006 1174 4064 Contra

114 4061 237 4116 adheret
251 4063 384 4124 Gruterus
398 4065 509 4136 vulgatas
520 4067 635 4131 ‘tursum
650 4088 708 4141 quen
726 4090 769 4124 «se
782 4085 886 4138 tuetur,
899 4075 986 4147 inquit
998 4081 1059 4148 ille,
1073 4106 1098 4140 v.
1115 4095 1172 4152 405

114 4144 188 4196 infra
205 4161 212 4194 :
231 4143 361 4214 Cyclopum
375 4164 456 4198 sacras
475 4147 562 4198 Turres
575 4173 598 4201 ι.
614 4150 648 4200 At
663 4166 696 4201 cx
709 4169 741 4202 eo
759 4151 832 4222 qnod
850 4153 957 4209 delendi
974 4176 1052 4230 queat
1067 4167 1173 4240 antiqua
1226 4155 1228 4158 ¹

114 4224 208 4288 lectio,
216 4241 271 4276 uon
278 4222 342 4276 inde
354 4225 473 4295 seqnitur
485 4225 693 4293 alteram,seusu
699 4229 849 4301 meliorem,
862 4236 1052 4308 negligendam.
1066 4245 1173 4302 Grono.

960 4371 1006 4415 22
