3240 5138
647 485 686 550 L.
713 483 891 553 ANNAEI
915 481 1133 552 SENECAE
1205 491 1207 495 ’
1235 476 1237 482 ’
1269 499 1278 510 ·

412 618 543 714 Illyrica
565 617 712 688 Cadmus
733 640 835 712 regna
856 640 1050 710 permensus
1069 615 1165 711 fuga,

414 729 547 820 Longas
569 723 700 818 reliquit
720 723 869 816 corporis
891 723 989 791 tracti
1009 735 1115 791 notus.

413 835 493 901 Haec
510 846 543 900 te
564 845 699 900 manent
717 827 878 923 exempla.
893 829 1096 914 Dominare,
1116 842 1155 896 ut
1174 825 1291 916 lubet,
1387 859 1426 910 ³9⁵

414 941 506 1007 Dum
525 934 620 1006 solita
640 938 732 1030 regni
751 935 817 1003 latu
836 948 869 1003 te
888 936 994 1002 nostri
1011 947 1141 1002 vocent.

414 1067 490 1113 ch.
510 1041 678 1137 Agedum,
697 1039 850 1110 efferatas
872 1038 986 1108 rabida
1005 1064 1103 1110 voces
1122 1063 1264 1124 amove,
1289 1083 1291 1088 -

415 1152 458 1218 Et
478 1148 567 1218 disce
590 1146 865 1243 regum‘imperia
886 1145 927 1214 ab
948 1143 1062 1214 Alcide
1080 1147 1159 1240 pati.

414 1257 503 1349 Ego,
522 1268 618 1348 rapta
639 1254 789 1347 quamvis
807 1265 937 1346 sceptra
955 1251 1084 1320 victrici
1102 1275 1214 1346 geram

413 1364 561 1446 Dextra,
583 1383 760 1453 regamque
781 1371 901 1428 cuncta
922 1357 993 1426 sine
1014 1356 1124 1452 legum
1144 1372 1253 1446 metu,
1388 1390 1427 1432 ιω

415 1467 509 1555 Quas
530 1489 623 1534 unna
644 1466 924 1558 vincunt,.pauca
945 1484 1007 1557 pro
1026 1460 1124 1533 eausa
1146 1463 1270 1558 loquar

413 1573 544 1641 Nostra.
568 1573 716 1642 Cruento
738 1570 856 1639 cecidit
876 1570 911 1637 in
932 1565 1019 1638 bello
1041 1567 1157 1663 pater?

416 1677 575 1747 Cecidere
595 1674 735 1745 fratres?
752 1699 845 1744 arma
864 1699 933 1744 nou
955 1690 1090 1744 servant
1106 1667 1259 1760 modum,

414 1785 487 1854 Nec
507 1783 684 1877 temperari
705 1781 816 1868 facile,
834 1806 896 1850 nec
909 1781 1048 1875 reprimi
1066 1796 1175 1875 potest

414 1891 527 1959 Stricti
548 1891 633 1958 ensis
651 1891 716 1976 ira,
733 1886 820 1958 bella
841 1885 982 1956 delectat
1002 1911 1113 1957 cruor.
1386 1917 1425 1964 ns

399 2087 695 2161 393.1ttyrt0a.tttym,
704 2089 777 2159 regio
786 2086 873 2159 ampla
917 2101 993 2140 tuum
1007 2107 1057 2161 pro
1067 2087 1197 2142 servando
1208 2106 1291 2159 regno
1305 2107 1368 2153 suo,
1378 2105 1426 2142 nos

362 2181 421 2240 post
436 2169 521 2221 sinum
535 2166 711 2230 Adriaticum,
728 2167 872 2220 iuter‘l'er·
916 2185 978 2220 vero
996 2185 1046 2238 pro
1061 2167 1147 2224 alieno
1160 2165 1311 2220 invadendo
1327 2186 1427 2240 pugna·

361 2264 465 2324 gestum
472 2249 597 2322 oppidum
605 2261 630 2302 et
636 2248 820 2303 Macedoniam
827 2268 873 2321 po-
916 2245 1000 2309 visse,
1014 2247 1101 2318 cogita
1113 2264 1166 2298 uon
1175 2249 1231 2318 jum
1244 2245 1279 2298 ad
1290 2245 1426 2318 pugnandi

363 2325 427 2395 sitit,
444 2328 652 2400 Liburniamque
671 2339 697 2381 et
715 2327 873 2382 Dalmatiam
915 2323 1079 2390 causas,sed
1089 2323 1123 2377 ed
1130 2325 1217 2397 ipsum
1224 2325 1426 2391 bellieveutum,

363 2409 550 2482 complectens.
915 2404 1107 2477 respiciendum
1119 2423 1188 2465 esse,
1203 2423 1252 2458 nec
1264 2405 1322 2476 quis
1330 2406 1427 2478 justius

399 2495 461 2556 394.
478 2494 573 2556 Longas
587 2489 693 2554 reliquit.
708 2486 773 2540 Stat.
785 2484 872 2538 Theb.
915 2503 990 2538 arma
1009 2486 1150 2556 sumpserit
1167 2483 1363 2548 estimandum,
1380 2483 1427 2538 sed

362 2569 468 2634 11,291
484 2584 490 2619 :
511 2563 649 2638 «illyricos
664 2566 745 2637 longo
761 2564 874 2618 sulcavit
915 2563 975 2635 quis
981 2562 1189 2617 felicius-'Idem
1195 2564 1425 2634 expressitLucan.
1482 2559 1485 2564 ’

362 2659 468 2718 pectore
478 2663 617 2717 campos·
915 2644 989 2709 VII,
1009 2647 1080 2698 260:
1102 2669 1126 2696 ι.
1137 2681 1143 2693 .
1154 2643 1221 2696 .bnc
1239 2643 1307 2696 acies
1326 2643 1427 2696 victum

399 2725 458 2795 398.
474 2731 509 2776 Et
525 2728 599 2777 disce.
610 2725 694 2778 -Disoe
709 2724 743 2778 ab
760 2722 874 2777 Hercule
917 2723 1020 2777 iactura
1040 2735 1179 2777 nocentem
1198 2733 1262 2776 est·
1283 2723 1317 2776 Et
1333 2725 1429 2777 Noster

364 2805 462 2858 semire
476 2804 582 2876 regibus
600 2821 607 2858 :
623 2805 726 2876 quoties
743 2803 815 2856 enim
829 2802 874 2854 ille
915 2802 943 2854 in
959 2802 1039 2874 liipp.
1058 2804 1128 2871 ⁵98:
1147 2801 1290 2856 «Honesta
1305 2800 1428 2874 quedam

253 2891 258 2898 '
363 2883 506 2956 Eurysthei
518 2882 649 2936 mandatis
662 2883 689 2938 in
700 2881 872 2954 suscipiendis
917 2882 1017 2936 scelera
1032 2899 1167 2936 successus
1177 2880 1247 2936 facit.
1255 2906 1266 2928 ·

363 2962 500 3016 laboribus
511 2961 717 3033 obtemperavit!
952 2965 1014 3026 403.
1025 2967 1175 3021 Armenes,
1191 2973 1241 3014 ete.
1258 2961 1305 3014 Sil.
1315 2960 1360 3024 11,
1375 2978 1404 3012 ιι
1419 2978 1427 3013 :

401 3041 463 3114 399.
483 3041 541 3094 Hoc
558 3041 656 3094 habeas
674 3061 725 3115 pro
743 3041 875 3096 modestis
917 3066 942 3091 κ.
953 3077 960 3091 .
971 3037 1378 3111 motumquideudeeulentibus
1388 3057 1428 3091 ar-

365 3139 429 3174 aneae
441 3121 632 3192 experimento,
644 3121 732 3192 quod,
743 3140 826 3192 quum
836 3121 877 3176 vi·
917 3120 968 3173 mis
977 3157 985 3184 ,
995 3119 1131 3185 Quantum
1146 3118 1190 3170 irta
1206 3118 1297 3185 liceat,
1308 3129 1428 3172 motusve

364 3211 422 3254 ctor
436 3199 503 3265 sim,
514 3219 563 3254 nec
577 3203 633 3272 jam
647 3201 735 3272 legum
751 3201 876 3272 religione
918 3197 983 3271 quid
997 3196 1094 3251 audeat
1104 3198 1179 3251 ensis.
1189 3222 1200 3244 ι

364 3278 879 3351 obligatus,addefensiouemoratione
954 3275 1426 3345 405.·Ssrictiensisira.Sil.V11‚‚343:

366 3357 540 3422 descendam,
552 3370 577 3411 et
584 3377 626 3412 me
633 3377 746 3433 purgare
752 3379 842 3414 coram
851 3371 877 3413 te
920 3359 971 3409 uAt
977 3357 1040 3411 socii
1048 3366 1176 3409 renovant
1182 3357 1249 3421 tels,
1260 3367 1430 3426 arentemque

367 3456 420 3490 non
435 3436 571 3510 dedigner.
919 3455 1040 3490 umorem
1057 3437 1141 3489 Ferro
1158 3433 1308 3506 detergent,
1323 3446 1350 3487 et
1364 3433 1430 3486 dunt

402 3524 463 3581 dos.
479 3521 583 3568 Cruento
593 3554 601 3580 ,
611 3527 661 3570 eto.
676 3517 816 3591 Quidquid
827 3519 877 3572 sibi
918 3515 1091 3570 mucronibus
1104 3516 1185 3569 irus„
1196 3514 1248 3568 Sed
1261 3531 1318 3585 quse
1329 3512 1355 3563 in
1365 3511 1430 3565 Silio

368 3596 548 3667 oppositurum
555 3595 692 3667 Megaram
698 3593 823 3669 presidet
828 3599 878 3672 Ly·
920 3595 1007 3650 audax
1016 3607 1118 3648 tantum
1128 3607 1167 3647 est
1176 3593 1287 3655 locutio,
1299 3590 1392 3644 eadem
1402 3589 1432 3642 in

367 3673 877 3750 cus‚ipseperindustriampraeoccuput;
921 3676 1018 3728 Nostro
1036 3677 1102 3727 bene
1121 3673 1217 3728 callida
1230 3683 1256 3725 et
1274 3670 1431 3724 felicissimae

368 3764 409 3819 et,
423 3751 512 3824 quoad
527 3753 601 3819 licet,
616 3755 723 3809 refellit.
734 3756 820 3809 “Mihi
833 3775 878 3810 ex·
920 3754 1071 3809 subtilitatis
1078 3765 1127 3819 est,
1135 3753 1298 3824 quippequta
1305 3749 1433 3802 dimican-

367 3831 521 3904 probrabis,
543 3833 648 3904 inquit,
670 3853 750 3889 cesos
776 3847 878 3906 patrem
920 3834 1112 3888 tiumiurorem
1120 3845 1145 3885 et
1153 3830 1335 3902 impotentium
1345 3827 1433 3882 aden·

328 3919 330 3924 ’
368 3910 754 3977 etiratresi'Sed,interhunc
767 3914 878 3967 bellici·
921 3933 976 3968 sem
987 3913 1072 3985 ipsum
1082 3913 1158 3983 quasi
1169 3911 1324 3972 transierat,
1337 3921 1368 3960 ut
1380 3907 1433 3959 mi·

368 3991 427 4045 vilis
446 3991 604 4051 tumultum,
623 3991 714 4046 militis
729 3992 763 4046 ad
780 3992 878 4047 caedem
921 4006 1019 4048 nuatur
1036 3992 1098 4045 belli
1113 3989 1221 4043 invidia.
1239 3989 1280 4044 Sic
1297 3988 1324 4041 in
1339 3987 1432 4041 Racin.

316 4083 322 4091 '
367 4069 507 4143 precipitis
520 4070 648 4141 impetum
662 4090 741 4124 nemo
757 4091 878 4126 coercere
921 4071 1051 4125 Androm.
1067 4083 1119 4124 act.
1134 4070 1166 4133 1,
1180 4088 1252 4122 scen.
1269 4087 1301 4132 a,
1313 4065 1435 4139 Pyrrhus

368 4160 456 4220 queat,
479 4148 506 4203 Si
528 4165 621 4201 rursus
645 4150 753 4221 objicias
776 4163 877 4223 patrem
923 4152 1015 4206 fatales
1033 4162 1059 4203 et
1076 4168 1157 4204 cacas
1175 4165 1326 4221 pugnarum
1349 4145 1434 4198 furias
