3090 5142
363 459 409 554 ιν]
618 461 679 529 oa
705 459 875 529 sunno
896 415 1093 544 'sannen
1112 471 1179 528 etc.

363 581 538 662 contraxit,
555 596 683 668 poetam
696 603 765 645 sese
780 604 847 645 non
859 582 1008 661 jactasse,
1022 603 1137 668 quarn,
1149 601 1223 644 vere
1235 579 1439 644 ditissimum

362 690 479 773 fuisse,
496 688 552 778 qui
571 712 746 778 pauperem
762 713 796 754 se
813 689 907 756 dicat.

406 795 440 859 Si
453 813 561 860 tamen
575 795 644 859 haec
655 796 863 882 omnia‚qute
874 797 1045 883 hucusque
1056 794 1214 875 diximus,
1226 817 1294 858 non
1304 795 1442 858 valeant

362 899 403 963 ad
427 898 663 964 defendendam
692 901 890 988 antiquitatis
919 899 1032 982 fidem,
1059 922 1118 964 cur
1142 899 1273 963 tandem
1301 901 1440 964 Senecae

363 1005 558 1095 philosopho
580 1005 704 1094 alt'quas
731 1023 817 1070 certe
843 1007 966 1071 l'abulas
990 1003 1232 1071 adscribamus?
1255 1006 1286 1069 si
1313 1002 1439 1068 deinde

362 1127 450 1174 tanta
461 1110 558 1174 fuerit
569 1133 678 1175 earum
692 1108 929 1192 dissimilitudo,
940 1128 977 1174 ut
987 1111 1062 1176 alias
1074 1111 1143 1174 aliis
1150 1110 1337 1175 auctoribus
1344 1108 1439 1174 adsi-

363 1237 461 1304 gnare
476 1237 604 1279 necesse
618 1215 678 1296 sit,
693 1237 751 1279 cur
764 1215 910 1280 Marcum
924 1215 1171 1280 declamatorem
1184 1215 1273 1280 illum
1288 1231 1435 1279 veterem

363 1320 595 1385 adhibeamus?
617 1320 742 1403 Quidni
761 1320 905 1386 dicamus
930 1323 1127 1410 simpliciter,
1150 1343 1316 1410 superesse
1336 1320 1438 1384 nobis

364 1426 586 1490 collectionem
612 1425 785 1514 quamdam
813 1426 1039 1517 tragoediarum
1067 1449 1291 1509 romanarum,
1317 1449 1391 1514 quoe
1415 1449 1438 1490 a

364 1531 467 1618 poetis
477 1528 671 1618 quibusdam
683 1532 803 1620 ignotis
812 1533 971 1609 venerint,
978 1533 1265 1618 auctoritatemque
1273 1533 1309 1596 L.
1317 1531 1436 1594 Annaei

364 1636 492 1700 Senecae
512 1651 633 1700 temere
654 1659 719 1724 prae
739 1659 773 1700 se
793 1636 919 1702 ferant?
946 1639 994 1701 De
1017 1637 1136 1724 quibus
1155 1636 1306 1700 omnibns
1326 1658 1436 1723 quum

364 1741 483 1805 frustra
501 1740 567 1820 jam
589 1742 649 1805 viri
668 1740 755 1806 docti
777 1744 976 1829 quaesierint,
1002 1741 1153 1831 equidem
1175 1765 1242 1806 non
1265 1757 1436 1829 tamquam

200 1827 201 1836 ἵ
251 1893 255 1902 .
364 1845 487 1934 sliquid
503 1847 579 1910 novi
596 1847 824 1935 propositurus
842 1847 911 1912 haec
929 1848 1085 1912 hactenus
1107 1845 1283 1935 disputavi,
1302 1845 1376 1926 sed,
1396 1861 1439 1909 ut

232 1983 235 1990 ·
301 1981 309 2000 ·
365 1951 573 2018 defenderem
600 1953 684 2016 illam
711 1952 918 2034 brevitatem,
944 1976 1041 2042 quarn
1062 1953 1097 2016 in
1120 1951 1279 2038 opusculo
1302 1950 1342 2015 dc
1366 1951 1437 2014 vita

365 2060 402 2124 L.
421 2058 533 2122 Annaei
554 2058 683 2122 Senecae
702 2058 901 2146 composito,
918 2077 951 2124 et
970 2060 1045 2123 alias
1063 2080 1146 2145 saepe
1165 2047 1198 2122 et
1217 2057 1280 2121 hoc
1302 2057 1375 2120 loco
1397 2056 1435 2118 in

366 2163 478 2250 primis
496 2177 654 2250 sequutus
675 2185 759 2226 sunr.
778 2163 890 2228 Taedet
906 2163 994 2229 enim
1011 2164 1120 2227 multis
1139 2161 1303 2251 disputare
1319 2177 1436 2226 contra

366 2291 437 2344 eos,
451 2269 523 2356 qui,
536 2268 679 2356 neglecta
692 2269 953 2334 testimoniorum
965 2286 1111 2335 veterum
1124 2269 1327 2350 auctoritate,
1339 2269 1437 2348 cujus

366 2375 428 2463 ipsi
460 2372 701 2462 quodammodo
729 2375 930 2464 impatientes
959 2393 1055 2460 sunt,
1089 2376 1190 2442 libero
1219 2373 1341 2455 judicio
1371 2397 1437 2438 suo
1537 2363 1538 2366 ¹

368 2481 558 2570 gloriantur,
580 2501 775 2570 causamque
797 2482 938 2550 historie
959 2483 1026 2548 sive
1043 2482 1264 2563 dissimulant,
1281 2504 1339 2546 seu
1357 2503 1434 2568 per·

367 2601 506 2651 vertunt.
