3090 5142
540 523 840 592 DISSERTATIO.
1106 521 1213 616 xxxiij

130 643 165 704 in
197 639 371 704 Hercule
394 640 512 702 fruente
531 641 712 723 lunonem,
737 642 771 704 in
797 641 938 729 Thyeste
963 641 1157 725 Tantalum,
1180 644 1213 707 in

130 746 357 834 cognomine
373 742 581 832 OEdipodem,
597 745 631 808 in
649 747 891 836 Agamemnone
908 745 1084 834 Thyesten.
1095 748 1214 812 Lucius

132 852 176 914 ab
193 851 342 914 actione
361 872 484 936 semper
498 849 674 932 inchoavit,
687 867 719 914 et
734 851 921 940 simpliciter
936 858 1067 918 statmo.
1080 852 1214 917 Hecuba

134 971 168 1020 et
181 954 331 1034 Medea,
351 954 436 1019 utin
457 953 575 1036 medio,
592 954 787 1020 calamitates
804 977 877 1020 suas
899 969 1014 1036 ἐμπαθῶς
1033 956 1211 1045 deplorant.

135 1063 217 1126 llaec
231 1083 276 1124 ex
289 1073 408 1147 parte,
420 1057 625 1148 illaprorsus,
641 1059 721 1147 quid
736 1061 885 1126 futurum
901 1062 959 1142 sit,
975 1061 1113 1151 ignorat.
1131 1062 1211 1151 Hip-

137 1166 277 1254 polytus
294 1187 315 1228 a
331 1163 502 1228 venatione
516 1165 681 1229 inchoavit
696 1182 729 1230 et
747 1188 883 1230 suorum
900 1165 1146 1250 adhortatione,
1162 1166 1213 1230 id·

134 1294 204 1362 que
224 1270 349 1336 eodem
371 1285 495 1352 metro,
523 1294 589 1359 quo
608 1271 707 1336 Rhesi
728 1288 852 1338 auctor.
871 1274 944 1357 Qua
964 1271 1117 1362 tragoedia
1137 1291 1212 1362 post

135 1375 343 1464 Sophoclem
359 1376 448 1440 nulla
461 1391 561 1440 exstat
574 1379 839 1444 consummatior.
854 1379 934 1442 Eam
949 1399 1009 1442 nos
1023 1401 1126 1466 quum
1142 1394 1212 1442 stu·

137 1481 231 1545 diose
243 1483 443 1570 legeremus,
454 1502 560 1568 neque
572 1481 750 1570 quidquam
763 1483 870 1547 minus
882 1505 981 1570 quam
995 1483 1210 1548 humilitatem

135 1604 170 1651 et
180 1587 385 1652 rhetoricam
394 1586 555 1675 Euripidis
565 1587 774 1656 subtilitatem
783 1635 793 1670 ,
802 1587 859 1652 sed
869 1611 929 1652 nec
941 1588 1210 1678 simplicissimam

138 1695 289 1783 AEschyli
316 1695 537 1760 austeritatem
560 1712 593 1760 et
618 1696 866 1762 translationum
889 1695 1077 1779 audaciam,
1103 1717 1209 1783 neque

137 1801 416 1889 compositionem
432 1799 645 1888 Sophocleam
664 1817 697 1865 et
712 1801 867 1866 orationis
883 1800 1107 1882 difficultates,
1124 1824 1209 1866 oeco·

138 1906 285 1972 nomiam
303 1922 414 1971 autern
429 1907 527 1995 longe
538 1907 579 1970 ab
593 1929 633 1971 eo
651 1905 808 1971 diversam
822 1906 1016 1985 videremus,
1029 1929 1209 1994 numquam

139 2011 383 2092 dubitavimus,
399 2010 481 2098 quin
497 2027 632 2098 quartus
650 2011 764 2098 aliquis
778 2009 971 2098 quaerendus
985 2027 1068 2076 esset
1083 2027 1207 2076 auctor.

141 2119 250 2198 Quem
266 2139 309 2182 ex
322 2116 437 2180 intima
450 2116 641 2204 antiquitate
657 2116 788 2181 tandem
802 2117 963 2199 eruimus,
977 2133 1009 2181 et
1025 2116 1209 2181 certissimis

141 2224 288 2306 indiciis,
316 2225 389 2312 quis
411 2239 516 2306 esset,
546 2224 580 2286 in
599 2225 883 2314 grammaticorum
905 2225 994 2288 libris
1014 2223 1209 2289 invenimus.

140 2330 204 2414 Qui
220 2352 317 2392 error
337 2329 380 2392 ita
398 2343 448 2392 est
463 2328 636 2415 antiquus,
663 2345 701 2393 ut
719 2329 753 2391 in
770 2329 882 2417 priscis
904 2329 1100 2394 Criticorum
1124 2344 1209 2393 cata·

139 2435 220 2524 logis
236 2433 389 2522 Euripidi
402 2433 648 2499 adscriberetur.
673 2433 763 2498 Adeo
778 2436 894 2516 refert,
918 2457 985 2522 quo
1000 2434 1073 2522 quis
1091 2433 1133 2497 ad
1148 2435 1208 2508 ista

136 2539 260 2620 judicio
274 2538 417 2605 accedat.
431 2540 550 2603 Lucius
561 2539 700 2605 libenter
713 2540 824 2604 oculos
840 2557 996 2621 moratur,
1014 2556 1047 2604 et
1062 2541 1096 2603 in
1109 2561 1204 2604 scena

140 2649 242 2711 multa
254 2661 472 2736 representat.
484 2643 613 2726 Medea,
627 2663 740 2709 eontra
751 2645 852 2710 Flacci
866 2661 1071 2736 praeceptum,
1086 2645 1205 2709 liberos

139 2769 267 2840 aperte,
294 2767 382 2815 certe
410 2751 565 2825 alterum,
593 2749 750 2816 trucidat:
775 2749 911 2814 alterurn
936 2767 1045 2815 autem
1072 2747 1112 2813 ad
1144 2751 1206 2814 rni-

141 2859 268 2920 nimum
290 2872 366 2944 post
387 2854 507 2919 caedem
532 2853 684 2921 ostendit.
711 2857 749 2918 ln
774 2853 954 2922 Troadibus
977 2857 1070 2919 matri
1096 2879 1204 2920 coram

140 2961 268 3050 populo
282 2962 418 3049 eripitur
433 2964 606 3049 Astyanax.
632 2961 671 3023 ln
687 2961 866 3050 Hippolyto
882 2983 1015 3025 manum
1033 2962 1094 3025 sibi
1111 2962 1208 3025 insert

139 3067 276 3131 Phaedra
292 3091 300 3132 :
315 3067 411 3132 heros
427 3082 538 3132 autem
552 3067 617 3146 jam
632 3065 776 3131 divulsus
794 3067 975 3132 exhibetur.
989 3067 1118 3132 Marcus
1135 3067 1207 3156 plu·
1229 3137 1234 3154 ¹

140 3175 263 3238 rimum
283 3173 430 3237 oratione
455 3170 654 3260 defungitur.
678 3171 717 3233 ln
742 3170 906 3260 Thyeste,
931 3173 965 3236 in
991 3171 1143 3259 OEdipo,
1170 3173 1204 3236 in

138 3281 405 3368 Agunemnone,
422 3276 456 3342 id
472 3294 621 3365 apparet,
638 3276 694 3340 ubi
713 3297 754 3340 ne
775 3263 986 3341 Cassandram
1002 3275 1135 3364 quidem
1151 3301 1208 3342 ne·

138 3407 229 3449 cesse
244 3399 295 3448 est
313 3381 437 3471 populo
453 3397 617 3469 spectante
633 3380 782 3469 jugulari.
800 3382 839 3444 In
856 3379 990 3446 furente
1001 3396 1109 3448 autem
1126 3383 1208 3448 ller-

139 3491 232 3570 cule,
249 3509 355 3576 quum
373 3487 463 3575 sequi
480 3485 669 3575 Euripidem
684 3501 810 3575 posset,
824 3486 1036 3574 periculosam
1051 3487 1146 3555 nobis
1158 3499 1209 3569 ὄψιν

140 3594 238 3659 dedit.
254 3593 396 3681 Megarae
413 3593 499 3656 enim
513 3608 546 3656 et
558 3591 658 3656 filiolo
674 3591 707 3654 in
724 3613 820 3656 scena
833 3592 1001 3656 cerebrum
1015 3593 1105 3658 elidit
1121 3595 1205 3659 Her-

139 3703 238 3766 cules.
256 3700 375 3785 Itaque
385 3697 577 3762 histrionem
593 3698 647 3760 vix
660 3696 817 3778 invenias,
829 3698 959 3784 quivim
976 3697 1097 3764 Alcidae
1108 3723 1205 3789 expe·

137 3808 212 3887 riri,
229 3819 263 3869 et
279 3803 351 3867 sine
363 3803 432 3866 ullo
444 3803 521 3867 fuco
535 3818 761 3891 representare
777 3803 842 3867 hoo
853 3803 971 3868 vellet:
990 3805 1102 3891 capitis
1117 3806 1204 3869 enim

135 3912 204 3991 ejus
216 3913 402 3976 interesset.
423 3909 498 3974 llaec
511 3924 561 3972 est
572 3929 668 3973 causa
678 3955 687 3989 ‚
699 3931 758 3972 cur
773 3907 971 3996 propudium
984 3907 1065 3973 illud
1078 3911 1204 3998 generis

136 4018 272 4084 humani
284 4015 377 4080 Nero
391 4036 445 4078 eas
459 4014 580 4080 fabulas
595 4013 761 4103 deligeret,
780 4037 852 4102 quta
866 4015 1044 4102 periculosa
1058 4025 1206 4096 οιωρήματα

134 4130 278 4204 ὑπηρετικὰ
305 4119 483 4200 haberent,
507 4135 543 4183 ut
569 4141 602 4184 se
624 4119 780 4208 sanguine
803 4119 998 4184 histrionum
1019 4119 1202 4184 oblectaret.
