3172 5138
464 531 775 604 eomitissa.
798 537 906 606 Aer.
935 538 961 604 1.
1166 539 1236 638 389

222 654 397 745 Unquam,
418 675 481 722 neo
501 651 562 722 ista
579 668 688 726 morte
707 669 883 724 contentus
902 655 968 741 fui,

222 761 294 830 Nec
311 785 364 829 me
381 759 504 830 redemi
520 778 639 856 parte:
660 765 870 834 membratim
893 766 954 835 tibi
1200 807 1236 848 ,φ

221 868 322 938 Volui
339 869 488 967 perire),
502 871 652 943 debitum
669 874 804 944 tandem
822 877 943 971 exige:

221 983 321 1050 Nunc
338 979 429 1052 solvo
448 1007 579 1076 poenas3
600 999 681 1054 tuno
702 985 764 1054 tibi
787 986 922 1069 inferias
944 987 1031 1056 dedi.

221 1089 325 1176 Ades,
345 1105 445 1185 atque
469 1093 606 1162 inertem
629 1093 797 1164 dexterum
815 1098 977 1166 introrsus
994 1123 1127 1192 preme,

220 1201 397 1295 Magisque
414 1225 525 1296 merge
542 1229 551 1272 ε
568 1204 685 1276 timido
702 1220 773 1274 tum
792 1231 897 1301 parvo
918 1224 1020 1303 caput

162 1415 251 1474 ‚unius
264 1415 345 1485 portis
357 1415 498 1476 amissione
510 1427 614 1470 mutum
626 1435 681 1472 soe·
737 1417 750 1448 ⁶
764 1437 821 1491 ¹7²·
840 1424 914 1474 Nune
931 1426 1013 1488 solvo,
1028 1435 1080 1478 eto.
1094 1425 1170 1478 Nunc
1183 1425 1236 1497 pri·

171 1494 212 1548 lus
224 1493 293 1548 male
308 1493 413 1566 pnrgari
425 1495 550 1548 sciebam.
570 1496 681 1550 lusorias
724 1516 799 1550 mum
815 1499 898 1570 justus
919 1519 1008 1572 prunas
1025 1500 1163 1556 moriendo
1176 1523 1236 1574 per-

170 1585 274 1628 tantum
291 1576 357 1641 tibi,
374 1576 488 1646 genitor,
500 1575 578 1638 dedi,
595 1595 680 1649 quum
725 1577 800 1630 solvo
812 1593 820 1628 ε
834 1595 915 1644 narn,
932 1597 1017 1650 quum
1033 1581 1125 1633 oeulos
1139 1583 1234 1647 evelli,

170 1653 236 1706 mihi
249 1653 335 1708 lucem
345 1653 448 1720 ademi;
461 1673 533 1708 nuno
544 1673 608 1710 vero
621 1673 679 1708 mo·
724 1657 772 1710 tibi
785 1656 823 1709 nil
834 1658 883 1710 nisi
895 1657 1002 1712 inferias
1014 1677 1057 1712 me
1072 1659 1159 1714 lacere
1172 1661 1236 1714 esri-

169 1733 224 1787 risr
234 1746 304 1788 totus
317 1747 434 1808 oportet,
449 1749 478 1788 ut
488 1734 592 1788 tandem
605 1733 680 1788 debi·
725 1737 846 1791 mabam:
862 1757 942 1808 porro
954 1738 1053 1790 inferias
1064 1739 1119 1792 iste
1131 1739 1180 1791 tibi
1189 1738 1235 1792 do·

171 1825 211 1866 tss
223 1814 322 1881 solvam
335 1833 434 1885 ponas.
443 1840 457 1860 ι
470 1813 611 1877 llicordo,
623 1814 680 1867 hnc
723 1815 865 1881 bebantur,
880 1820 988 1890 ejusque
1000 1819 1103 1888 generis
1115 1837 1186 1871 sacra
1202 1838 1235 1873 ns

168 1893 300 1944 connexio
318 1895 523 1959 sententiarun13
538 1912 598 1966 qun
618 1911 679 1948 oum
723 1893 877 1948 innoeentes
885 1894 993 1967 quidem
1002 1897 1143 1964 omittunt3
1156 1916 1234 1969 pisos

168 1969 680 2046 antecedentibusetsequentibnssptis·
723 1972 876 2044 igiturmea
898 1985 954 2027 tota
973 1987 1000 2027 et
1013 1973 1116 2045 integro
1137 1988 1232 2040 restat,

168 2049 235 2104 sime
245 2053 377 2122 oongrnit.
722 2071 804 2124 quam
824 2064 908 2106 morte
922 2053 1042 2126 explebo.
1066 2085 1101 2095 -
1118 2056 1235 2123 Inferias.

207 2132 328 2200 169.1sra
338 2145 421 2184 mone.
431 2129 542 2203 Nempe,
551 2129 678 2196 cecitate,
722 2131 857 2185 Sacrificio
872 2143 897 2184 et
910 2132 1058 2194 libationes,
1078 2151 1137 2206 quas
1149 2135 1233 2186 maui-

168 2225 219 2280 pro
236 2228 288 2280 qua
301 2225 402 2263 mortem
421 2229 498 2283 posse
515 2208 568 2264 dici
589 2221 618 2264 ut
633 2227 679 2280 ap·
723 2211 773 2263 bus
784 2211 893 2265 fiebant.
904 2209 967 2264 vid.
980 2213 1036 2266 Cic.
1048 2210 1081 2266 de
1094 2225 1146 2266 nat.
1160 2211 1236 2266 deor.

167 2287 293 2359 probaret
305 2289 450 2356 Bodatius,
464 2290 521 2344 haec
531 2289 609 2343 Statii
620 2308 679 2362 per-
721 2290 1031 2362 111,16.Sueron.csttg.
1043 2291 1164 2363 1⁵.Virg.
1172 2293 1233 2345 AEn.

167 2379 320 2438 opportune
340 2367 445 2434 attulit,
464 2367 551 2423 Theb.
573 2369 607 2430 1,
625 2373 677 2437 47:
722 2367 777 2435 IX,
798 2369 846 2429 15,
865 2380 915 2424 ete.
940 2380 990 2442 eto.
1014 2367 1094 2424 Ovid.
1116 2369 1185 2424 Fust.
1200 2372 1237 2435 V,

168 2446 276 2518 «Impia
286 2450 341 2519 jam
351 2448 447 2500 merita
457 2459 589 2502 scrutatus
601 2445 679 2498 lumi·
724 2454 774 2510 tas
787 2465 794 2501 :
809 2447 945 2502 dolosius
957 2447 1042 2500 tacitis
1057 2447 1233 2502 manibusills

167 2523 316 2592 mdextra,
327 2527 456 2582 Merserat
465 2537 561 2578 eterna
572 2522 679 2578 damua-
722 2522 855 2578 damni..
1087 2585 1090 2592 ¹

166 2604 449 2678 tumnootepudorem
456 2601 679 2678 OEdipodeulon-
762 2605 819 2673 173.
836 2607 899 2655 Ades
905 2641 915 2666 ,
929 2614 979 2656 eto.
996 2605 1097 2658 Dentre
1110 2625 1163 2659 snas
1178 2626 1233 2660 non

167 2701 254 2755 gaque
262 2683 377 2739 animaru
387 2686 438 2738 sub
448 2696 532 2736 morte
543 2684 677 2736 tenebat·
723 2679 781 2734 fidit
792 2682 822 2734 in
834 2700 899 2736 nece
910 2681 958 2734 sibi
971 2681 1124 2750 inserenda,
1137 2685 1235 2756 quippe

167 2762 238 2818 lbid.
257 2763 309 2831 IV,
329 2767 402 2828 614:
418 2791 430 2810 u
448 2801 490 2816 ...
508 2764 578 2836 jacet
591 2763 637 2816 ille
650 2762 679 2814 iu
723 2777 804 2832 quam
817 2759 949 2812 infirmam
964 2775 989 2813 et
1001 2779 1070 2832 aegre
1084 2764 1172 2816 animo
1185 2783 1234 2817 sno

167 2843 264 2898 sunere
290 2842 370 2914 longo
395 2844 481 2908 Quem
509 2841 626 2914 premis,
654 2852 680 2894 et
724 2850 862 2910 parentem
884 2837 912 2890 in
927 2837 1070 2894 evellendis
1089 2841 1171 2896 oculis
1191 2861 1235 2898 ex-

98 2903 111 2929 *
165 2925 263 2996 junctu
272 2922 350 2977 sentit
359 2922 475 2976 confinia
484 2921 592 2986 mortis,
604 2919 680 2974 orsi-
724 2932 813 2990 pertus
827 2919 915 2972 luerit.
932 2919 1086 2974 Genitorem
1100 2920 1179 2992 igitur
1191 2941 1234 2974 ar·

167 3013 212 3055 tus
231 3000 371 3056 exhaustos
388 2999 494 3072 pedore
512 3012 538 3052 et
556 2999 680 3070 sanguiue
724 2998 815 3060 cessit,
833 3010 864 3051 ut
877 2998 950 3053 illins
962 3017 1014 3072 ope
1030 3000 1107 3052 altius
1126 3003 1233 3054 manum

166 3079 274 3144 vultos,
287 3080 445 3152 Ejsotosqae
457 3077 511 3131 die.
522 3104 534 3124 ι
544 3076 614 3130 Ibid.
627 3077 681 3142 xl,
699 3095 701 3100 ’
723 3075 1069 3151 adigereqneut.-Preme.
1079 3077 1142 3132 Stat.
1150 3078 1235 3132 Theb.

168 3160 235 3214 580:
249 3157 420 3230 uAtgenitor,
430 3158 534 3211 sceleris
544 3167 680 3229 comperto
724 3155 779 3219 XI,
794 3158 843 3216 542
860 3175 867 3210 ε
885 3157 960 3209 «alte
973 3176 1061 3210 ensem
1075 3157 1191 3228 germani
1207 3159 1233 3212 in

168 3239 238 3303 line,
259 3237 401 3309 profundis
421 3237 528 3309 Erepsit
547 3235 680 3302 tenebris,
724 3255 836 3305 corpore
847 3236 946 3306 pressit.
959 3261 971 3282 ι

166 3335 289 3389 savoque
307 3336 322 3371 e
338 3317 430 3370 limine
447 3316 549 3390 profert
568 3315 680 3368 Mortem
763 3311 1160 3387 174.Magis.Qusruego,dmn
1168 3315 1234 3370 mihi

167 3397 360 3469 imperfectam.
373 3421 388 3444 ι
724 3394 815 3448 oculos
823 3411 952 3446 eruerem.
960 3395 1105 3446 -Tims'dm
1114 3393 1237 3448 Dextera.

208 3494 266 3546 ¹70·
288 3480 340 3529 Nee
354 3494 393 3526 me
413 3476 505 3526 redemi
515 3488 595 3541 parre.
619 3473 680 3526 Non
724 3503 760 3514 -
782 3479 852 3524 Trans.
871 3473 962 3539 Quum
981 3491 1025 3526 me
1042 3475 1178 3528 monensi.
1200 3505 1234 3517 -

167 3555 326 3626 ignorabam
340 3565 415 3626 purte
427 3553 480 3605 mei
493 3551 612 3624 corporis
625 3571 680 3606 non
724 3561 800 3605 Parvo
808 3555 1046 3620 capessisavmetc.
1054 3553 1233 3608 Destrnenius

167 3633 264 3688 reditui
276 3632 409 3706 quidquid
420 3634 544 3688 atrociter
555 3645 679 3704 patrave-
724 3650 778 3687 sure
789 3629 870 3684 veluti
881 3629 983 3684 libandi
996 3630 1131 3701 sanguinis
1144 3649 1233 3684 euram

167 3732 235 3768 ram.
257 3743 293 3754 -
311 3716 481 3778 Membratim,
502 3724 551 3768 etc·
573 3711 680 3783 Singula
725 3708 907 3781 delegaverat:
922 3720 1002 3778 capnt
1011 3727 1060 3780 pro
1070 3720 1160 3780 patera
1173 3711 1235 3775 luit,

169 3793 291 3845 membra
312 3790 467 3846 amittendo.
493 3791 583 3844 Senec-
606 3792 680 3862 epist.
724 3807 804 3844 eruor
818 3805 867 3859 pro
886 3788 1004 3858 liquore,
1025 3799 1050 3840 et
1071 3788 1127 3858 ipss
1141 3787 1233 3842 dextra

171 3889 219 3924 rot
229 3889 237 3924 ι
249 3873 482 3939 Invenimraliquis,
491 3873 535 3938 qui
544 3872 684 3922 malitium
725 3867 827 3938 OEdipi
835 3865 988 3920 libationem
999 3867 1167 3920 inhonorem
1177 3867 1236 3921 Laii

169 3954 290 4018 suppliciis
300 3954 437 4016 tabescere,
448 3963 471 4002 et
476 3953 556 4019 perire
564 3951 681 4001 membra-
726 3947 851 4014 iaciebat,
858 3944 1080 4020 quemadmodum
1091 3946 1239 4001 sacrifican-

168 4033 227 4095 u'm,
243 4044 268 4082 es
286 4033 356 4082 mdes
367 4049 414 4098 per
427 4031 553 4081 stillicidia
571 4031 683 4082 omittere
725 4041 764 4081 tes
783 4028 864 4094 lacte,
882 4027 945 4081 vino
963 4028 1005 4080 vel
1021 4045 1091 4098 aqna
1107 4027 1234 4080 libabant.

169 4112 279 4161 animan
286 4147 295 4174 ,
309 4129 382 4178 quarn
393 4112 468 4160 semel
475 4111 612 4162 subalare?
727 4107 850 4180 OEdipus
863 4119 949 4160 antem
961 4107 1081 4179 queritur
1092 4104 1165 4176 quod
1179 4123 1236 4160 mu·

1051 4199 1107 4284 25²
1117 4206 1131 4236 *¹
