3240 5138
385 543 449 590 rue
673 521 713 588 L.
739 520 916 590 ANNAEI
939 519 1156 590 SENEGAE

380 657 474 724 Petet
491 652 710 748 undecunque
728 667 829 723 temet
845 655 916 724 haec
933 653 1066 738 dextra,
1084 668 1119 724 et
1138 654 1231 724 seret.

384 782 497 829 turn.
506 761 584 848 Quo
593 761 713 829 misera
722 759 956 856 pergislquam
967 759 1329 855 firgam,outlatehram
1341 761 1447 856 petis?

382 865 502 936 Nullus
518 864 631 935 salutis
646 865 790 942 Hercule
807 867 936 938 insenso
952 881 1002 936 est
1019 866 1131 936 locus:

382 971 590 1067 Amplectere
608 974 716 1066 ipsum
735 975 862 1068 potius,
880 988 914 1043 et
928 972 1049 1048 blenda
1067 997 1165 1068 prece

382 1080 502 1148 Lenire
518 1091 617 1148 tenta.
637 1101 724 1149 uro.
736 1083 840 1150 Parce
853 1081 941 1174 jam,
957 1080 1094 1173 conjux,
1112 1102 1252 1174 precor3
1392 1109 1445 1148 mr

383 1185 535 1278 Agnosce
552 1187 750 1280 Megaram:
772 1201 869 1256 natus
889 1187 944 1256 hic
962 1185 1073 1256 vultus
1091 1200 1166 1255 tuos

382 1290 588 1386 Habitusque
609 1289 742 1360 reddit:
761 1295 868 1364 cernis
889 1307 928 1362 ut
946 1291 1061 1360 tendat
1081 1289 1219 1360 manus?

383 1400 608 1466 uruc'Teneo
628 1421 835 1468 novercam:
857 1423 1008 1494 sequere,
1027 1397 1069 1466 da
1092 1422 1205 1492 poenas
1226 1396 1324 1483 mihi,

381 1505 532 1598 iugoque
549 1528 700 1598 pressum
720 1503 824 1574 libera
841 1505 931 1600 turpi
947 1507 1074 1575 Jorem.

381 1608 446 1698 Sed
463 1623 539 1678 ante
553 1623 693 1679 matrem
711 1611 886 1706 parvulum
903 1611 968 1680 hoc
982 1624 1167 1680 monstrum
1185 1608 1322 1678 occidet.
1394 1655 1444 1680 m.

382 1737 469 1785 uro.
490 1717 569 1804 Quo
584 1715 691 1786 tendis
709 1717 845 1790 amens?
861 1719 1054 1812 sanguinem
1074 1715 1192 1785 fundes
1209 1714 1326 1784 tuum?

381 1843 496 1891 turn.
513 1821 705 1894 Pavefactus
723 1823 831 1893 infans
848 1825 945 1918 igneo
965 1821 1059 1892 vultu
1080 1824 1182 1918 patris

381 1927 471 1996 Perit
490 1943 567 1997 ante
588 1927 709 1999 vulnus
726 1955 734 1998 τ
752 1931 903 2026 spiritum
924 1931 1045 2026 eripuit
1066 1930 1176 1998 timor.

381 2037 423 2102 ln
444 2035 620 2128 conjugem
637 2034 843 2105 uunoclava
864 2035 1003 2106 libratur
1021 2036 1140 2130 gravis.
1234 2027 1236 2030 ⁵

382 2139 544 2234 Perfregit
561 2163 660 2210 ossa:
680 2143 812 2237 corpori
829 2157 948 2228 trunco
967 2155 1068 2236 caput
1394 2170 1443 2210 ms

381 2244 501 2332 Abest,
519 2271 580 2317 nec
600 2271 739 2340 usquam
760 2263 818 2318 est.
841 2251 987 2320 Cernere
1007 2249 1072 2318 lroc
1093 2243 1194 2314 audes
1217 2243 1312 2312 nirnis

364 2353 491 2456 'vivax
509 2350 681 2422 senectus?
698 2355 725 2422 si
744 2356 835 2449 piget
851 2354 977 2438 luctus,
993 2353 1095 2422 hebes

382 2529 452 2582 enim
468 2547 518 2600 pro
529 2545 611 2584 uxore
624 2547 670 2582 sus
682 2529 817 2582 lunonem
832 2549 889 2583 cre·
933 2529 1002 2582 tium
1015 2541 1043 2583 et
1058 2527 1227 2582 irascentium
1241 2525 1379 2598 proprium
1395 2535 1443 2577 est.

382 2606 423 2662 dit
435 2607 533 2662 adesse.
933 2609 1037 2663 seneen
1051 2607 1085 2662 de
1098 2607 1192 2673 ire,1,
1204 2626 1215 2659 r
1230 2623 1237 2658 :
1250 2607 1315 2659 Nam
1327 2617 1353 2656 us
1361 2606 1445 2672 sursu-

426 2705 510 2742 1011·
523 2687 638 2755 Essene.
651 2685 683 2740 ld
692 2700 747 2752 est,
761 2688 888 2759 abripiet,
934 2693 990 2742 tium
1004 2701 1069 2740 certa
1082 2687 1171 2739 indicia
1183 2695 1240 2738 sunt
1247 2727 1254 2750 ,
1266 2685 1349 2738 auda
1360 2697 1384 2737 et
1398 2688 1443 2736 mi·

384 2779 413 2820 ut
426 2787 484 2840 sup.
497 2787 524 2820 v.
536 2769 611 2836 968,
626 2779 653 2820 et
666 2767 695 2819 in
709 2767 786 2838 Virg.
796 2769 889 2821 Bucol.
933 2789 983 2820 nae
997 2769 1095 2831 cultas,
1106 2767 1212 2819 ...ωἱον
1223 2785 1324 2827 versus,-
1341 2769 1376 2816 ita
1392 2767 1444 2815 lm·

386 2847 423 2911 V,
437 2848 493 2912 34²
511 2873 522 2894 ι
538 2859 726 2918 ...postquam
739 2859 766 2900 te
780 2848 831 2900 fate
848 2860 890 2900 tu·
933 2853 1047 2901 semitam
1062 2847 1144 2900 eadem
1160 2851 1230 2917 signa
1245 2858 1300 2898 sunt
1313 2866 1323 2898 .·
1330 2847 1446 2916 flagrum

276 2973 282 2990 ,
381 2927 480 2980 lerunt.
497 2953 508 2974 ι
535 2927 569 2979 Et
598 2927 654 2989 IX,
681 2925 740 2979 51:
766 2927 891 2980 «Omnia
936 2941 960 2980 et
970 2923 1442 2988 micantoculimultusoretotorulor,

383 3007 436 3059 l'ert
449 3019 509 3060 setes
522 3033 546 3059 ι.
570 3003 611 3058 Id.
631 3005 736 3058 AEneid
752 3007 793 3070 11,
811 3007 890 3077 374:
935 3019 1081 3060 eroesmante
1104 3005 1136 3058 ab
1160 3011 1213 3058 imis
1232 3005 1372 3076 precordiis
1387 3022 1445 3054 sau·

387 3113 398 3134 ι
420 3087 465 3140 elii
488 3086 596 3157 rspiuut
616 3085 722 3139 incense
748 3086 892 3158 feruntque
933 3091 1014 3157 puisse.
1029 3087 1106 3158 Virp.
1120 3089 1181 3139 Em.
1193 3087 1269 3148 XII,
1289 3103 1348 3138 101.
1362 3083 1443 3154 Apol·

383 3163 518 3238 Pergamo.
532 3191 543 3212 ι
935 3166 990 3219 lod.
1012 3165 1047 3218 de
1064 3165 1196 3229 Hercule,
1211 3165 1255 3229 11,
1273 3171 1289 3226 4
1305 3179 1311 3212 :
1327 3167 1403 3234 ssepi<
1416 3157 1445 3216 dl

426 3249 508 3300 1018.
518 3245 627 3318 Sequere.
634 3242 705 3298 vide
714 3256 773 3297 not·
784 3263 810 3298 r.
824 3247 890 3316 987.
936 3247 961 3310 Ιξ
974 3245 1091 3318 ὀμμάτων
1106 3247 1215 3315 stupeis
1231 3245 1324 3316 αῐγλην.

427 3343 508 3396 ¹⁰¹9·
537 3325 649 3399 lupoque
679 3339 810 3396 pressum,
840 3337 891 3378 esc.
978 3325 1060 3380 1023.
1077 3325 1148 3377 Perit
1165 3336 1221 3376 aute
1243 3325 1340 3376 vuum.
1361 3321 1444 3376 Conl.

383 3405 471 3478 Turpi
490 3405 616 3478 conjugio
633 3405 729 3457 lovem
746 3416 832 3458 morte
847 3417 892 3458 tue
937 3405 1016 3458 llere.
1027 3405 1091 3458 OEt.
1104 3407 1172 3460 uu.

383 3485 474 3539 solve:
494 3485 661 3540 obliviscitur
676 3484 748 3538 enim
766 3483 892 3538 Hercules
979 3485 1059 3538 1025.
1068 3485 1258 3553 Perflegitorsa.
1269 3482 1311 3536 Cf.
1321 3477 1445 3553 Euripid.

384 3565 561 3618 immortalem
576 3565 713 3617 Iunonem
729 3581 792 3616 esse.
937 3563 1015 3622 Herc.
1027 3565 1080 3617 fur.
1092 3569 1160 3632 994.

427 3663 505 3697 roso.
532 3646 597 3697 Ante
623 3653 730 3696 matrem.
752 3642 891 3713 intellige,
980 3647 1060 3696 1026.
1075 3643 1128 3696 Nec
1143 3661 1242 3714 usquam
1257 3653 1301 3693 est.
1318 3640 1446 3694 Toutelas

380 3727 519 3796 priusquam
531 3736 629 3776 matrem
640 3723 759 3786 meldam,
771 3740 821 3775 nec
834 3741 891 3775 eus·
937 3721 965 3774 in
977 3734 1065 3793 portes
1080 3720 1211 3775 dissiluit!

383 3804 453 3856 culte
473 3803 622 3868 Fsrnsbio,
643 3803 690 3874 qui
713 3802 797 3874 accipi
815 3821 892 3873 posse
979 3798 1444 3871 1027.Vivaxsenectru.0vid.llet.

384 3895 460 3955 putst
474 3901 523 3954 pro
539 3887 564 3935 ia
576 3894 700 3953 conspectu
713 3885 804 3934 matris.
936 3881 1024 3946 nu,
1045 3881 1119 3947 516,
1134 3881 1242 3934 Hecube
1260 3898 1267 3933 :
1290 3907 1301 3928 ι
1316 3879 1378 3944 Quo
1393 3879 1447 3931 l'er·

429 3981 509 4016 ross.
524 3962 579 4031 Quo
595 3962 671 4014 tendis
686 3969 788 4014 amens?
799 3959 891 4031 Eurip.
936 3979 980 4014 reu
998 3960 1202 4026 restolQuidre
1214 3958 1325 4012 moror?
1336 3977 1393 4030 quo
1403 3975 1448 4010 me

384 4041 463 4095 llere.
476 4042 527 4094 fur.
541 4041 596 4112 975
612 4059 620 4094 :
638 4068 649 4089 ι
661 4045 712 4113 Bos}
722 4037 752 4094 di
766 4035 892 4111 ptum
937 4059 1041 4105 κειται,
1056 4039 1183 4094 damnosa
1199 4038 1343 4092 senectus?
1356 4035 1450 4103 Quid,

384 4121 460 4176 resim
470 4159 478 4184 ,
489 4123 513 4172 τί
525 4115 586 4191 δρᾷς
598 4139 605 4184 ;
619 4124 695 4174 τέκνα
709 4122 835 4184 Κτιὶνιις;
849 4145 860 4166 ι
939 4119 968 4172 dl
984 4119 1123 4185 crudeles,
1138 4120 1189 4172 nisi
1202 4139 1257 4192 quo
1270 4136 1340 4172 nora
1354 4119 1448 4170 fuum

428 4220 508 4254 ross.
525 4202 600 4270 lgm
612 4201 691 4254 vultu.
706 4198 787 4266 Quod
802 4199 892 4252 suren·
937 4217 1041 4252 cernam
1051 4195 1444 4266 ,Vivrcemdil‘iertissnuml-
