3240 5138
312 531 597 602 HERCULES
623 532 841 602 FURENS.
870 535 979 603 ACT.
1008 535 1082 604 ΙΙΙ.
1176 537 1224 632 95

220 663 426 756 Pavidosque
444 664 561 731 Manes
579 660 746 756 squalidus
764 677 869 756 gestat
886 687 1001 754 senex3
1190 709 1228 763 ,⁶⁵

220 772 356 863 Impera
377 768 499 863 pendet
517 767 638 856 barba3
654 768 836 838 deformem
854 769 961 838 sinum
1166 778 1173 790 '

220 874 338 943 Nodus
353 888 502 960 coercet;
518 897 671 942 concavae
688 872 800 942 lucent
815 899 923 968 genae:

220 982 319 1075 [legit
336 981 405 1073 ipse
422 993 522 1047 conto
539 979 682 1074 portitor
697 977 797 1073 longo
813 995 926 1048 ratem.

220 1087 283 1154 Hic
300 1109 400 1154 onere
417 1107 555 1154 vacuam
574 1084 662 1153 litori
677 1087 816 1180 puppim
832 1085 1000 1180 applicans

221 1190 405 1284 Repetehat
425 1190 582 1258 umbras:
603 1192 709 1282 poscit
727 1188 858 1260 Alcides
876 1193 981 1278 viam,
1189 1239 1228 1278 ⁷7⁰

209 1397 274 1469 765.
289 1399 375 1453 Sam.
394 1400 510 1453 Charon.
528 1391 613 1452 Totas
631 1399 677 1452 hio
720 1398 758 1452 sio
767 1399 890 1453 Plautum
898 1400 1017 1454 Aulular.
1029 1414 1078 1456 act.
1088 1402 1144 1468 111,
1155 1423 1191 1458 sc.
1203 1405 1228 1463 ⁵,

169 1479 240 1532 locus
251 1498 283 1532 ex
298 1479 373 1550 Virg.
385 1497 537 1550 expressus,
550 1481 610 1530 AEn.
620 1477 676 1541 Vl,
720 1475 754 1530 de
770 1496 838 1548 ngno
857 1480 999 1532 macilento
1017 1499 1024 1534 :
1044 1507 1054 1528 ι
1070 1482 1134 1535 Ossa
1151 1496 1230 1555 atque

173 1561 224 1627 298
247 1576 254 1610 :
279 1583 290 1604 ι
310 1557 427 1611 Portitor
454 1558 502 1610 has
526 1555 677 1610 horrendus
719 1557 796 1627 pellis
818 1569 889 1611 totus
909 1572 964 1623 est,
992 1559 1027 1612 ita
1049 1577 1111 1613 curo
1134 1577 1229 1616 macer.

168 1655 247 1708 aquas
268 1649 295 1690 et
319 1635 431 1689 flumina
452 1647 538 1689 serrat
550 1635 676 1688 Terribili
720 1635 793 1700 Quin
810 1649 867 1689 exta
886 1637 1016 1708 ipspicere
1032 1637 1061 1690 iu
1082 1640 1136 1694 sole
1149 1641 1228 1694 etiam

169 1717 290 1787 squalore
298 1715 406 1770 Charon
416 1716 472 1779 ,cui
482 1716 595 1787 plurima
604 1733 678 1766 men·
719 1715 782 1766 viro
793 1714 855 1767 licet
866 1732 873 1767 :
886 1714 923 1769 ita
937 1717 959 1768 is
973 1717 1087 1788 pellucet
1103 1721 1177 1790 quasi
1193 1721 1229 1772 la·

169 1807 196 1848 to
207 1796 324 1849 Canities
338 1795 437 1848 incultu
452 1797 520 1864 jacet
532 1812 538 1847 :
555 1805 624 1846 stant
635 1795 676 1846 lu·
720 1806 795 1846 terne
803 1793 908 1864 punica.
921 1819 931 1842 ι
943 1796 1004 1860 Quo
1014 1799 1132 1870 exemplo
1143 1812 1229 1853 motus

169 1874 238 1928 minu
253 1874 357 1927 flamma
373 1895 380 1925 ε
395 1873 525 1926 Sordidus
539 1873 677 1926 exhume·
719 1873 915 1944 liaphelengius
948 1876 1120 1945 posteriorem
1157 1878 1229 1931 hunc

168 1955 204 2006 ris
224 1953 299 2006 nodo
322 1951 456 2025 dependet
478 1953 596 2006 amictus.
618 1955 677 2024 Ipse
720 1969 827 2005 sensum
841 1992 849 2016 ,
865 1951 1005 2023 repudiato
1018 1955 1119 2020 altero,
1134 1959 1230 2028 proba·

168 2045 250 2085 ratem
270 2047 351 2086 conto
367 2033 478 2102 subigit,
491 2032 608 2102 velisque
626 2031 676 2083 mi·
719 2043 802 2084 verat.
813 2029 916 2084 Deinde
925 2032 1080 2086 Gronovius
1090 2034 1229 2105 legendum

169 2113 358 2176 nistret,ete.·
373 2111 632 2181 —'Hujuslnhulae,
647 2121 677 2164 ut
717 2110 812 2180 palleat
828 2129 890 2162 cum
908 2111 968 2164 Nic.
986 2112 1095 2166 Heinsio
1109 2116 1230 2181 censuit,
1334 2147 1339 2158 ·

167 2193 357 2263 plerarumque
377 2191 505 2252 aliarum,
522 2191 601 2262 varin
621 2189 676 2242 ori·
721 2189 782 2260 quia
792 2189 867 2242 color
875 2188 1077 2246 adumbratione
1087 2195 1231 2247 Charontis

167 2271 239 2340 giues
267 2270 422 2323 traduntur.
444 2271 536 2322 Plures
564 2267 677 2322 eredunt
720 2268 846 2321 hactenns
857 2270 969 2323 omissus
980 2283 1028 2324 est.
1040 2273 1119 2326 Recte
1130 2272 1228 2328 Budeu.

170 2351 267 2402 Charon
282 2367 296 2400 a
312 2350 443 2401 vocabulo
456 2349 611 2420 AEgyptiaco
626 2346 676 2399 du·
721 2347 749 2398 in
772 2347 915 2418 specimine
934 2341 1049 2421 (1798)
1066 2365 1092 2405 et
1112 2351 1229 2406 editione

168 2442 256 2494 mum,
272 2427 346 2500 quod
359 2427 429 2481 idem
443 2447 473 2480 ac
480 2431 586 2498 portitor
597 2427 677 2497 signi·
721 2421 732 2488 (
743 2427 812 2480 1821
823 2423 848 2491 ),
857 2426 997 2498 advnlgat.
1005 2432 1117 2484 recurrit
1125 2471 1132 2496 ,
1141 2449 1229 2484 exem-

167 2508 276 2561 lieeret:
292 2509 393 2561 scilicet
410 2505 481 2579 apud
497 2507 677 2577 Heliopolim,
720 2505 773 2577 plis
785 2519 877 2558 eontra
891 2507 951 2560 Nic,
970 2508 1061 2563 Heius.
1081 2513 1230 2582 approbans

169 2589 237 2640 inter
266 2589 362 2640 urbem
388 2600 415 2640 et
443 2587 531 2639 locum
555 2585 602 2638 nbi
627 2584 677 2637 hu·
719 2603 790 2654 geue
809 2603 858 2656 pro
880 2575 944 2638 oculi
957 2605 1025 2660 ssepe
1044 2589 1115 2660 apud
1137 2591 1230 2644 Poetae

169 2667 309 2719 mabuntur
328 2683 453 2738 corpora,
477 2663 603 2736 paludem
623 2681 678 2717 esse
721 2675 888 2734 usurpatum.
899 2665 1025 2734 Ovidius,
1039 2668 1149 2722 Heroid.
1162 2671 1231 2733 XX,

169 2747 354 2810 Acherusiam
378 2762 509 2816 corpore,
538 2757 678 2814 antequem
724 2743 801 2796 205:
821 2744 882 2795 «Ut
901 2756 927 2796 te
943 2761 1082 2820 conspecta
1105 2750 1194 2801 subito
1209 2749 1230 2800 si
1270 2798 1282 2808 „

169 2827 416 2888 transveherentur,
432 2825 461 2876 in
484 2826 543 2893 ripa
561 2823 635 2889 sisti,
652 2835 678 2876 et
720 2823 792 2875 forte
813 2823 929 2890 notasti,
950 2825 1106 2879 llestiteram
1124 2827 1185 2879 fixis
1204 2828 1232 2878 iu

170 2905 238 2956 lacto
251 2903 286 2958 de
299 2905 399 2957 mortni
410 2904 464 2956 vita
476 2901 577 2974 judicio
586 2899 596 2963 (
606 2900 678 2954 unde
721 2913 767 2955 tna
780 2903 898 2954 membru
914 2904 996 2972 genis.
1011 2931 1022 2952 ι
1041 2907 1163 2976 Propert.
1174 2907 1233 2976 111,

169 2983 255 3036 forsan
270 2983 418 3035 inferorum
426 2979 549 3052 judicum
559 2979 678 3046 sabula),
726 2997 774 3043 υ,
786 2997 813 3032 r.
830 2986 865 3032 sti
880 3000 887 3034 ε
907 3008 917 3028 ι
930 2983 1085 3056 Esustoeque
1096 2997 1147 3037 tuae
1159 3003 1231 3049 mox,

171 3061 678 3133 anarieuhtore‚paetopretiouccipi,
722 3059 904 3132 Polypheme,
922 3081 1002 3132 genae.
1020 3091 1032 3110 ι
1054 3063 1159 3116 Addam
1172 3082 1230 3134 sqq.

171 3155 215 3194 aut
227 3140 362 3212 repudiari
376 3153 404 3193 et
420 3141 555 3211 sepultura
570 3157 677 3192 carere:
724 3137 803 3191 Ovid.
824 3138 858 3191 de
884 3140 961 3194 Pont.
988 3143 1031 3205 11,
1055 3143 1091 3208 8,
1115 3161 1141 3195 v.
1168 3146 1231 3196 66:

171 3219 225 3273 hnc
234 3219 267 3272 ad
274 3220 382 3273 Grsnoos
391 3221 425 3273 ab
436 3219 546 3291 Orpheo
556 3217 642 3272 delata
653 3229 680 3271 et
726 3243 736 3264 ι
750 3219 785 3270 Et
798 3219 883 3288 patiar
898 3219 974 3272 fossis
989 3221 1078 3273 lumen
1095 3221 1168 3274 abire
1186 3239 1231 3292 ge·

170 3299 276 3353 illorum
285 3299 458 3372 Mytbologiae
472 3297 569 3351 addita.
723 3297 773 3348 nis.
788 3321 798 3342 ι
813 3297 946 3367 ΔΡνορεη.
968 3299 1020 3362 1v,
1037 3300 1069 3364 5,
1087 3319 1154 3354 vers.
1176 3305 1208 3354 16
1223 3319 1230 3353 :

210 3385 275 3449 767.
288 3381 381 3432 lucent
391 3397 468 3448 gener.
483 3378 634 3430 Dissensere
645 3375 680 3430 de
718 3395 738 3422 Διι
754 3375 898 3427 Coruinum
908 3376 1052 3431 immeritas
1060 3380 1129 3432 eruit
1139 3397 1231 3450 ungue

172 3459 571 3530 boelooointerpretes,qnum
586 3456 632 3508 slii
644 3453 679 3508 de
723 3471 810 3524 genus.
831 3479 842 3500 ι
864 3483 905 3496 -
922 3457 1072 3511 Transtulit
1089 3458 1123 3511 ad
1139 3459 1231 3512 Pluto-

172 3537 262 3602 mslis,
279 3537 324 3590 alii
337 3536 372 3590 de
385 3537 518 3609 palpebris
532 3549 558 3589 et
571 3555 620 3606 per
635 3553 679 3586 ex·
724 3551 786 3584 nem
806 3533 929 3598 Fe'ne'lorr,
955 3535 1029 3606 quod
1053 3550 1137 3608 poetas
1155 3539 1230 3592 latini

171 3618 317 3670 tensionem
338 3616 372 3671 de
394 3616 477 3669 oeulis
497 3613 679 3685 recipiendum
722 3610 757 3664 de
769 3612 905 3666 Charonte
913 3616 1060 3686 scripsere:
1074 3619 1164 3670 Pharon
1173 3622 1233 3669 erait

172 3696 341 3750 oontendant.
356 3696 449 3748 Delrio
461 3707 487 3748 et
498 3694 680 3748 Commelinus
723 3710 765 3742 sur
774 3709 806 3742 ur
819 3699 886 3743 trono
898 3693 996 3746 d'e'bene
1005 3715 1063 3748 :son
1078 3700 1162 3767 virago
1174 3700 1234 3749 e'tait
1293 3730 1300 3742 ·

170 3789 311 3847 utramque
323 3774 570 3845 interpretationem
583 3773 680 3844 proba·
720 3771 778 3842 pu'le
789 3783 812 3821 et
823 3777 914 3833 rebem
924 3792 960 3825 ses
966 3793 1041 3843 yrun,
1054 3795 1125 3828 creas
1137 3787 1161 3828 et
1171 3781 1232 3829 ἐτίκ-

171 3855 250 3906 bilem
268 3853 407 3924 judioant;
426 3855 543 3926 potuisse
556 3851 681 3906 Senecam
723 3850 821 3903 celanti.

171 3933 203 3986 ad
218 3935 295 4004 Virg.
317 3929 465 4003 respicere,
488 3934 534 4004 qui
551 3935 610 3984 AEn.
625 3931 681 3995 vt,
766 3945 831 3999 770.
846 3929 976 4000 repetebar
991 3933 1094 3988 umbras.
1109 3934 1153 3987 td
1172 3953 1231 3988 um·

173 4015 241 4078 30⁰,
257 4012 327 4066 dixit
346 4013 490 4066 Charontis
508 4013 598 4064 lumina
617 4021 682 4062 stare
725 4011 785 4062 bras
794 4007 982 4082 redibat,quas
992 4013 1020 4065 in
1032 4026 1229 4067 vacuamratem

165 4095 369 4164 staurium-posse
378 4103 405 4145 et
415 4092 485 4145 senis
496 4103 618 4163 genaseo
630 4107 683 4142 ma·
724 4105 815 4142 rursus
836 4087 985 4146 admitteret
1008 4103 1034 4146 et
1052 4094 1079 4145 iu
1105 4094 1232 4147 interiora

172 4173 212 4224 cie
228 4170 331 4242 redigi,
344 4183 375 4225 ut
385 4171 512 4242 pellucidoe
524 4168 682 4234 rideautnr;
727 4167 876 4221 inferorum
888 4171 1077 4226 transveheret.
