3210 5140
392 521 462 618 196
499 501 503 508 “
577 523 628 588 50
656 519 946 588 urrunnun
975 519 1253 589 5550005055

384 655 517 725 cesisque
529 677 558 708 s.
573 661 624 704 etc.
644 650 703 702 Jsrn
719 647 833 702 diximus
853 649 985 703 lintheum
1004 649 1031 702 50
1052 649 1202 703 0555050060
1220 669 1395 705 numerorum
1411 651 1451 705 di-

385 736 484 806 gnitate
496 730 574 785 uobis
586 730 753 784 subtiliorem
767 727 860 782 videri.

414 803 488 885 908.
504 811 588 864 Adsit.
605 809 700 862 Psriss.
716 809 806 876 8059,
822 807 912 870 8030,
930 809 986 862 808
993 831 1013 864 r.
1030 809 1122 874 8038,
1139 809 1224 874 8035,
1243 811 1317 863 adsis.

426 911 489 962 909.
507 889 705 958 1060500090.
719 887 867 958 Castigabat
877 887 1028 942 Witholius
1044 889 1157 940 Indorum
1166 909 1249 959 genus.

414 1029 417 1034 ,
426 991 460 1040 95
469 989 492 1024 t.
508 969 623 1022 Esundet
633 987 720 1038 uapor.
734 966 787 1021 Alii
799 965 904 1019 enodet.

425 1049 633 1119 914.Adorolit.
650 1046 731 1100 Paris.
749 1045 841 1114 6395,
857 1047 975 1112 adorabit.
1021 1085 1025 1098 .

428 1131 494 1200 955.
518 1131 542 1182 T
540 1146 556 1180 tt
573 1127 713 1180 conditores.
737 1125 836 1178 Omnes
856 1127 1015 1179 membrsnss
1033 1137 1060 1178 et
1079 1123 1139 1178 edd
1158 1139 1223 1180 rest.
1245 1127 1283 1178 dit
1300 1127 1449 1192 conditores,

389 1211 528 1264 manifesto
541 1225 640 1262 errore.
656 1205 775 1262 Gronov.
792 1223 824 1258 ex
840 1205 956 1258 Florent.
971 1205 1062 1256 locum
1079 1206 1202 1260 restituit.

427 1296 492 1360 956.
513 1288 596 1342 Antrn
617 1286 700 1338 Zethi.
719 1285 751 1338 In
771 1285 931 1338 membranis
950 1297 995 1336 sut
1017 1284 1071 1337 Cen·
1088 1296 1133 1336 sut
1157 1285 1227 1336 Tetlr'
1247 1285 1359 1356 legitur,
1380 1285 1452 1358 quod

389 1370 479 1434 Delrio
492 1362 593 1438 (1576)
608 1366 704 1418 mutari
717 1365 793 1436 jussit
808 1364 836 1416 in
852 1363 928 1416 Zetlu'
943 1384 952 1417 :
969 1391 980 1412 ι
992 1363 1020 1416 85
1034 1363 1110 1434 quis,
1126 1365 1228 1436 5059555,
1245 1364 1390 1419 contendat
1408 1371 1454 1418 ceti

272 1493 274 1504 .
388 1447 574 1512 retinendum,
590 1457 693 1500 etcum
710 1442 791 1496 Bsdio
806 1455 834 1496 et
847 1442 1012 1497 Bernsrdino
1027 1443 1217 1515 interpretetur
1231 1442 1376 1498 draconem
1392 1447 1453 1498 Dir-

389 1549 432 1584 ces
446 1525 596 1588 custodem,
615 1537 737 1596 exspecto
754 1542 797 1576 sne
813 1521 905 1576 600000
919 1523 982 1576 alibi
996 1534 1070 1574 eetum
1083 1541 1134 1595 pro
1149 1522 1264 1576 dracoue
1283 1526 1349 1596 poni
1360 1564 1368 1590 ,
1381 1525 1453 1597 quod

390 1627 494 1674 vereor,
503 1619 532 1660 ut
540 1607 654 1679 probare
662 1602 913 1676 possita-Nobilis
923 1603 1012 1654 Dircen
1021 1621 1098 1672 0900.
1110 1603 1152 1656 850
1162 1604 1279 1656 Gronov.
1291 1623 1322 1658 ex
1332 1605 1453 1670 Etrusco,

390 1691 498 1760 Bipout.
517 1685 598 1738 Both.
613 1697 640 1738 et
655 1683 754 1737 Bsden.
771 1684 802 1734 In
819 1681 946 1752 tredecim
962 1682 1059 1734 nostris
1076 1695 1102 1735 et
1118 1683 1145 1735 in
1161 1684 1293 1755 plerisque
1309 1697 1372 1738 vett.
1392 1683 1452 1738 edd.

390 1769 479 1821 nobiles
490 1767 575 1818 Dirces
586 1783 668 1836 aquas.
680 1763 778 1817 Philol.
786 1774 812 1815 et
820 1763 925 1816 Asceus.
938 1780 999 1818 curu
1011 1779 1054 1814 sex
1065 1762 1159 1814 Puriss.
1174 1763 1259 1815 nobilis
1271 1765 1357 1816 Dirces
1369 1768 1452 1838 dquas.

389 1852 421 1902 ln
436 1847 500 1912 MS,
509 1843 596 1914 6395,
609 1855 635 1896 tn
649 1845 732 1896 Dirces
744 1861 830 1914 09000,
839 1840 912 1913 quod
924 1841 1104 1894 Florentinum
1118 1842 1259 1895 lectionem
1272 1843 1310 1896 Tu
1321 1845 1453 1896 conditores

390 1927 538 1983 confirmat.

435 2025 502 2076 9¹7·
523 2005 653 2074 1000555900
672 2004 736 2071 regis
755 2000 860 2054 065000.
881 2001 935 2054 Alii
953 2002 1070 2072 lorumque
1092 2005 1154 2071 regis
1174 2005 1215 2074 qui
1239 2001 1344 2055 0600550.
1369 2003 1454 2055 Vetus

389 2085 474 2160 Lipsii
485 2087 613 2153 Laremque
624 2083 686 2152 regis
697 2080 802 2134 0600500.
812 2112 852 2124 -
864 2081 943 2133 cotes.
954 2083 1037 2135 Vetus
1049 2080 1131 2154 Lipsii
1141 2084 1227 2143 colens,
1241 2081 1314 2153 quod
1328 2082 1356 2135 in
1370 2081 1452 2134 Scrir.

391 2168 470 2220 Foru.
487 2176 513 2216 et
526 2163 609 2233 Thys.
621 2160 754 2214 scribitur.
769 2159 863 2223 Multi,
875 2162 942 2214 eolis.

430 2249 496 2313 954.
516 2241 619 2296 Genitor
633 2253 694 2292 tuos.
713 2238 788 2292 lllSS.
803 2239 963 2293 Commelini
980 2251 1049 2304 tuus,
1069 2237 1143 2312 quod
1159 2240 1187 2293 in
1204 2239 1292 2312 AEgid.
1306 2241 1413 2294 Arcens.
1428 2253 1455 2294 et

391 2326 464 2378 Petr.
478 2321 512 2376 06
528 2338 609 2391 marg.
623 2320 719 2390 legitur
730 2332 757 2372 et
770 2317 843 2388 quod
857 2317 974 2374 8060050
984 2339 1039 2372 non
1053 2319 1182 2391 displicet.

432 2407 497 2473 958.
511 2401 610 2454 AEtloer.
622 2400 700 2452 Melit
713 2399 771 2452 Nic.
785 2398 879 2452 Heius.
892 2419 988 2472 equor:
1000 2401 1067 2452 susle
1079 2390 1146 2467 (vid.
1160 2417 1219 2470 quo
1231 2413 1320 2454 notar.
1334 2419 1361 2471 p.
1379 2399 1453 2464 553).

432 2483 498 2552 937.
508 2481 537 2534 Si
547 2479 612 2554 quod
622 2484 748 2532 etiamnum
759 2489 802 2529 est.
815 2477 857 2531 Sic
868 2478 937 2532 Phil.
948 2480 1044 2534 Arent.
1055 2479 1135 2532 Visst.
1149 2479 1254 2551 Gryph.
1267 2481 1340 2534 Petr.
1350 2481 1452 2534 Fabric.

392 2577 419 2616 et
438 2579 529 2615 omues
544 2559 717 2623 recentiores3
736 2557 773 2612 sio
791 2557 866 2611 MSS.
882 2558 976 2614 Parius·
996 2557 1071 2614 8030
1093 2571 1120 2612 et
1142 2559 1227 2626 8037.
1250 2560 1330 2612 Fero.
1353 2557 1454 2613 Isoard.

392 2649 499 2698 Ascens.
513 2659 573 2693 curn
588 2639 662 2692 MSS.
678 2640 763 2694 8261.
779 2639 872 2702 8262,
885 2643 907 2690 si
918 2639 1063 2710 quodetiam
1075 2651 1111 2690 est

430 2729 495 2792 940.
510 2719 620 2772 Ciusere.
634 2717 717 2770 Paris.
729 2717 788 2770 MS.
806 2717 895 2781 8034,
910 2723 1015 2782 ttinere,
1033 2729 1064 2774 ut
1076 2718 1148 2771 Deir.
1163 2717 1315 2789 Moguntin.

431 2807 498 2872 945.
515 2800 577 2869 Quis
594 2797 665 2850 diem.
684 2795 785 2850 Isosrd.
802 2801 909 2850 Ascens.
929 2798 1023 2851 Arent.
1042 2797 1147 2869 Gryph.
1167 2797 1239 2852 Petr.
1258 2797 1360 2851 Febr-ic.
1382 2799 1454 2851 Delr.

417 2881 461 2933 uid
473 2879 543 2932 diem.

392 2881 417 2952 Q
431 2965 498 3030 944.
513 2958 624 3010 Diumoe.
641 2956 711 3009 Petr.
729 2955 757 3008 50
779 2974 861 3028 marg.
873 2956 992 3010 diurnum.
1006 2989 1046 3000 -
1059 2955 1156 3011 Noster.
1168 2956 1249 3010 Puris.
1264 2957 1355 3020 8055,
1367 2962 1452 3018 nostri,

392 3039 465 3112 quod
479 3038 570 3092 referri
585 3047 672 3108 potest
687 3033 721 3088 sd
734 3035 796 3088 coli.

430 3125 495 3190 946.
510 3117 596 3190 Imque
609 3127 678 3168 tono.
695 3115 778 3168 Puris.
794 3116 887 3179 8054,
903 3120 985 3189 imque
995 3126 1079 3168 motos.

431 3201 497 3266 948.
511 3195 703 3266 Rutilotjulom.
715 3193 758 3248 sic
767 3194 874 3264 viginti,
885 3196 902 3248 i.
915 3214 938 3248 0.
952 3195 1070 3247 universi
1080 3195 1174 3248 Puriss.
1186 3193 1307 3260 codices,
1320 3193 1372 3248 nisi
1383 3193 1456 3267 quod

392 3279 465 3334 8055
471 3275 546 3347 jubas
555 3293 605 3346 pro
612 3275 697 3344 jubam
708 3273 847 3327 exhibeat:
860 3274 897 3328 siu
909 3291 1015 3346 quoque
1026 3272 1102 3327 MSS.
1114 3292 1206 3327 omnes
1217 3275 1346 3328 Commel.
1363 3288 1389 3328 et
1401 3275 1456 3346 ple·

390 3358 466 3428 rique
484 3353 594 3409 8060055
614 3371 620 3406 :
641 3355 678 3407 sic
695 3365 722 3406 et
741 3365 804 3406 vett.
823 3351 892 3406 edd:
904 3354 985 3408 Fern.
1004 3351 1107 3406 lsostd.
1122 3351 1210 3426 AEgid.
1229 3354 1326 3407 Philol.
1347 3357 1455 3408 Asoeus.

390 3442 486 3490 Arent.
500 3435 580 3488 Viuo.
596 3446 646 3488 eto.
665 3432 771 3504 Lipsius
786 3433 887 3504 primur
904 3434 993 3486 locum
1011 3435 1162 3504 conjecturs
1177 3432 1328 3486 emendarit
1347 3447 1374 3486 et
1395 3435 1456 3504 legit

392 3517 464 3570 rutila
472 3515 557 3584 jubam
572 3513 765 3583 Cervicejuotat,
777 3510 849 3581 quod
864 3513 973 3584 Rsphel.
989 3513 1078 3565 lleins.
1092 3513 1174 3566 Soriv.
1192 3513 1269 3565 Furn.
1286 3513 1371 3583 Thys.
1388 3513 1456 3566 Gro-

393 3615 455 3650 nov.
468 3595 575 3665 Bipont.
590 3606 617 3647 et
627 3591 726 3645 80600.
743 3591 771 3642 50
788 3591 937 3663 specimine
949 3589 1151 3662 adoptaverunt.
1163 3591 1310 3664 Respondit
1323 3593 1456 3663 aptissime

393 3675 466 3727 Delr.
478 3665 579 3740 (5594)
596 3699 607 3720 ι
620 3673 706 3724 rutilat
717 3671 829 3742 probum
840 3689 895 3724 esse
905 3689 997 3723 vooem
1006 3691 1014 3735 ;
1024 3711 1031 3723 .
1040 3711 1048 3724 .
1058 3711 1064 3723 .
1073 3673 1172 3724 rutilare
1183 3671 1287 3724 leonem
1301 3684 1333 3724 ut
1344 3671 1437 3725 sidus·
1450 3693 1457 3737 ;

393 3754 472 3808 etsie
489 3750 586 3816 edidit,
600 3753 681 3804 verbu
698 3750 914 3821 interpunctione
927 3749 1107 3822 distinguens,
1123 3763 1148 3803 et
1158 3751 1258 3816 rutilat,
1268 3753 1355 3823 jobum
1372 3756 1457 3804 0050500

388 3836 497 3904 jactans,
511 3851 565 3903 quo
578 3829 775 3884 nihillucidius.
784 3829 947 3894 Gronovius,
959 3829 1021 3884 licet
1033 3831 1117 3903 Llpsii
1129 3833 1309 3902 conjecturum
1321 3829 1456 3894 admittat,

393 3911 502 3965 sdnotst
513 3922 600 3962 tumen
614 3910 712 3964 rectius
723 3921 784 3962 unte
798 3909 918 3980 Lipsium
931 3907 1034 3963 editum
1049 3911 1223 3981 rutilatjnhum
1237 3911 1333 3965 Cerrice
1340 3914 1457 3982 jactans:

392 3990 438 4046 sed
452 4002 527 4061 putat
542 3989 627 4042 rutilat
641 4007 717 4060 posse
732 3989 817 4044 activo
835 4007 908 4042 more
922 3990 1045 4061 usurpari
1059 4008 1110 4061 pru
1125 3995 1230 4062 crispat,
1247 3989 1322 4062 quod
1338 3990 1455 4044 sehrod.

391 4087 550 4140 magnopere
565 4067 668 4134 lsudst,
685 4067 775 4124 diceus
791 4087 846 4122 000
862 4069 947 4122 100055
965 4087 1021 4122 esse
1036 4071 1144 4122 colorum
1157 4071 1248 4141 jobum
1264 4071 1338 4142 qussi
1354 4089 1458 4124 ueoesse

392 4147 426 4204 sit
432 4149 517 4220 jubam
530 4146 565 4202 sd
579 4149 663 4202 rutilat
675 4148 784 4204 referri!
797 4143 862 4212 (rid.
876 4165 937 4220 qun
952 4162 1039 4203 notus.
1050 4169 1077 4220 p.
1090 4141 1162 4216 554).
1177 4150 1257 4203 Both.
1270 4163 1296 4204 et
1309 4149 1457 4214 80600505,
