3098 5150
481 503 788 592 ousmrlno.
1086 516 1166 584 xcix

96 646 134 709 In
153 642 278 710 Troad.
296 595 430 732 quoque
453 641 609 708 nonnulla
635 641 794 723 ejmmodi
819 653 1014 721 occurrunt,
1047 635 1167 702 descri-

97 753 199 817 bente
214 749 340 816 Nuntio
357 746 529 814 funebrem
546 749 752 814 immolandae
768 747 938 835 Polyxeuae
953 758 1165 834 apparatum:

242 916 334 988 Stupet
343 913 540 986 omnevulgns3
559 927 585 968 et
595 915 650 969 lere
661 913 751 968 ctmeti
765 912 848 984 magis
870 961 875 966 .

242 1003 365 1057 Peritum
379 1000 500 1056 landant.
513 1002 568 1055 Hos
582 1015 674 1056 movet
686 1003 779 1056 formu
790 999 887 1064 decus,

242 1091 297 1145 Hos
308 1088 395 1143 mollis
408 1099 487 1154 tetes,
504 1090 555 1144 hos
563 1107 636 1162 vage
647 1107 739 1144 rerum
749 1088 829 1144 victo

244 1178 335 1232 Hovet
347 1175 453 1231 animm
464 1194 557 1230 omnes
567 1176 657 1254 foetis,
671 1189 698 1232 et
707 1178 761 1231 leto
770 1176 872 1231 obvius.

242 1264 376 1339 Pyrrhum
390 1262 531 1318 antecedit.
546 1265 677 1318 Omnium
691 1277 793 1320 mentes
805 1275 940 1318 tremunt:

243 1353 383 1416 Hit-antur,
399 1370 431 1406 ac
444 1352 613 1407 minorantur.

143 1531 261 1614 Quum
280 1527 438 1618 aequitatis
454 1529 512 1611 sit,
522 1528 694 1618 quidquid
711 1544 760 1594 est
780 1528 861 1592 boni
876 1527 909 1591 in
927 1524 1013 1593 malo
1028 1541 1061 1591 et
1075 1525 1168 1590 illau-

103 1636 178 1700 dato
197 1657 299 1724 opere
319 1632 539 1716 notari,·duas
555 1635 687 1700 afferam
704 1655 834 1716 scenas,
858 1634 891 1697 in
912 1633 1032 1722 quibus
1048 1632 1169 1696 Seneca

103 1740 174 1828 plus
200 1739 382 1804 dmmaticae
410 1738 565 1821 solertiae,
591 1761 689 1827 quam
714 1738 812 1814 solet,
840 1735 998 1820 ostendit,
1024 1759 1065 1800 ne
1092 1757 1168 1799 cum

104 1847 211 1909 minus
231 1844 386 1932 probatis,
403 1867 474 1932 quae
490 1843 676 1910 laudatione
692 1843 790 1934 digna
808 1859 896 1925 sunt,
910 1844 1062 1931 permiste
1079 1839 1169 1904 fasti-

105 1949 245 2015 diantur.
255 1951 317 2013 Eas
326 1949 478 2038 libentius
487 1951 664 2016 exscribam
678 1948 939 2038 scenas,quodab
951 1949 1023 2036 ipso
1032 1949 1170 2012 inventae

107 2071 138 2118 et
158 2054 322 2143 dispositae
343 2054 514 2120 videntur:
533 2053 622 2120 unde
642 2056 734 2120 facile
751 2055 941 2134 conjicietur
956 2052 1036 2141 qnid
1054 2055 1087 2116 in
1107 2051 1170 2120 alio

108 2163 239 2244 secuto,
260 2161 429 2226 communi
446 2162 593 2225 omnium
615 2161 738 2242 judicio
759 2161 927 2251 ingenium
950 2160 984 2223 in
1011 2158 1169 2225 diversam

108 2285 228 2355 partem
246 2266 408 2354 rapiente,
425 2268 556 2354 exsequi
573 2282 605 2333 et
622 2283 771 2356 prestare
786 2265 956 2354 potuisset.

148 2373 255 2436 Altera
269 2386 317 2435 est
327 2371 503 2459 Hippolyti.
518 2371 635 2436 Statuit
649 2371 784 2436 Phaedra
795 2369 946 2460 experiri,
956 2368 1036 2459 quid
1045 2370 1171 2434 valeant

108 2475 268 2540 blanditiae
289 2474 330 2539 ad
347 2475 569 2559 alliciendum,
593 2476 876 2568 inexpugnabilem
893 2475 1012 2558 amori,
1031 2475 1170 2566 privigni

107 2581 261 2646 animum.
284 2581 423 2670 Propius
441 2581 482 2646 ad
500 2581 591 2646 illum
613 2583 752 2666 accedit,
770 2599 803 2648 et
819 2606 896 2648 cum
915 2582 971 2646 illo
987 2582 1170 2646 clancmum

107 2688 247 2776 colloqui
269 2687 380 2768 liceat,
403 2687 493 2775 petit.
512 2688 700 2776 Respondet
715 2689 767 2754 ille
788 2689 905 2771 amice,
930 2704 961 2752 et
978 2677 1047 2752 eam
1062 2687 1171 2753 matris

108 2795 239 2858 nomine
255 2791 400 2881 appellat.
420 2793 506 2856 Tum
523 2793 677 2859 Phaedra:

245 2942 493 3014 Matris‘euperbutn
503 2955 543 2998 est
557 2962 654 2998 nomen
667 2957 694 2998 et
709 2944 822 2998 nimium
832 2957 944 3017 potent3

247 3041 357 3092 Nostros
367 3039 493 3093 humilius
505 3058 603 3094 nomen
613 3041 727 3094 allectus
740 3040 826 3095 decet.

246 3127 292 3180 Me
303 3126 345 3179 vel
355 3147 483 3194 sororem,
492 3128 650 3202 Hippolyte,
661 3129 705 3184 vel
719 3130 845 3183 famulam
857 3147 934 3192 roem

247 3215 436 3289 Famulamque
444 3219 547 3289 potius:
559 3237 638 3273 omne
646 3219 782 3272 servitium
794 3219 888 3271 leram,

107 3393 230 3476 slpturn
247 3385 312 3452 hoc
326 3403 360 3454 et
378 3389 458 3452 mire
476 3405 597 3454 naturae
613 3389 912 3472 accommodatum3
929 3387 985 3452 sed
1002 3411 1073 3476 quae
1094 3388 1173 3452 sub-

105 3493 172 3572 jicit
199 3509 297 3582 poeta
321 3495 480 3584 egregiam
504 3495 591 3560 illam
618 3492 747 3560 dicendi
774 3494 1010 3584 simplicitatem
1034 3517 1116 3558 vana
1141 3511 1175 3560 et

108 3599 222 3689 frigida
248 3623 367 3690 pompa
390 3610 622 3692 corrumpunt.'
638 3600 739 3684 Quod
770 3602 830 3666 sibi
855 3599 1026 3666 destinavit
1047 3601 1176 3681 animo,

108 3705 243 3768 Phaedra
255 3707 475 3794 persequitur:
487 3706 672 3795 praesidium
686 3707 727 3770 ab
740 3707 918 3796 Hippolyto
927 3722 1037 3795 rogat,
1052 3721 1090 3769 ut
1105 3727 1176 3793 quae

106 3809 204 3875 vidua
229 3811 290 3875 sibi
314 3811 472 3895 videatur,
494 3835 555 3878 nec
574 3835 669 3902 posse
690 3814 730 3877 ab
748 3813 859 3878 inieris
879 3811 993 3876 reverti
1011 3811 1175 3876 Theseum

107 3917 279 3982 existimet.
300 3916 447 4006 Spondet
471 3919 666 4008 Hippolytus
687 3942 721 3983 se
740 3917 899 4009 quidquid
918 3919 1049 4000 jusserit
1074 3918 1175 4006 pietas

107 4026 290 4108 facturum3
308 4025 452 4114 parentis
469 4028 519 4092 sui
536 4028 604 4115 ipse
620 4027 784 4115 supplebit
798 4025 917 4090 locum.
942 4026 1071 4110 Quibus
1088 4040 1177 4088 mota
1211 4077 1212 4080 ,

107 4129 260 4213 vocibus,
278 4131 331 4196 vix
348 4153 418 4196 sese
434 4131 568 4196 Phaedra
586 4134 748 4213 continet,
769 4132 848 4219 quin
868 4153 1010 4196 amorem
1029 4132 1175 4194 latentur.
