<?xml version="1.0" encoding="UTF-8"?>
<!DOCTYPE html PUBLIC "-//W3C//DTD XHTML 1.0 Transitional//EN"
    "http://www.w3.org/TR/xhtml1/DTD/xhtml1-transitional.dtd">
<html xmlns="http://www.w3.org/1999/xhtml" xml:lang="en" lang="en">
 <head>
  <title>
</title>
<meta http-equiv="Content-Type" content="text/html;charset=utf-8" />
  <meta name='ocr-system' content='tesseract 3.04.00' />
  <meta name='ocr-capabilities' content='ocr_page ocr_carea ocr_par ocr_line ocrx_word'/>
</head>
<body>
  <div class='ocr_page' id='page_1' title='image "./lannsenecparste02piergoog_0015.png"; bbox 0 0 3090 5142; ppageno 0'>
   <div class='ocr_carea' id='block_1_1' title="bbox 382 547 1048 618">
    <p class='ocr_par' dir='ltr' id='par_1_1' title="bbox 382 547 1048 618">
     <span class='ocr_line' id='line_1_1' title="bbox 382 547 1048 618; baseline 0.005 -3"><span class='ocrx_word' id='word_1_1' title='bbox 382 571 403 615; x_wconf 89' lang='lat' dir='ltr'>x</span> <span class='ocrx_word' id='word_1_2' title='bbox 770 547 1048 618; x_wconf 80' lang='lat' dir='ltr'>PRAEFATIO</span> 
     </span>
    </p>
   </div>
   <div class='ocr_carea' id='block_1_2' title="bbox 371 677 1446 2256">
    <p class='ocr_par' dir='ltr' id='par_1_2' title="bbox 371 677 1446 2256">
     <span class='ocr_line' id='line_1_2' title="bbox 381 677 1446 780; baseline 0.006 -27"><span class='ocrx_word' id='word_1_3' title='bbox 381 685 457 780; x_wconf 87' lang='lat' dir='ltr'><strong>gari</strong></span> <span class='ocrx_word' id='word_1_4' title='bbox 475 680 604 764; x_wconf 84' lang='lat' dir='ltr'><strong>soleat,</strong></span> <span class='ocrx_word' id='word_1_5' title='bbox 622 677 818 775; x_wconf 81' lang='lat' dir='ltr'><strong>inflataque</strong></span> <span class='ocrx_word' id='word_1_6' title='bbox 839 694 877 750; x_wconf 91' lang='lat' dir='ltr'><strong>et</strong></span> <span class='ocrx_word' id='word_1_7' title='bbox 896 679 1040 778; x_wconf 87' lang='lat' dir='ltr'><strong>turgida</strong></span> <span class='ocrx_word' id='word_1_8' title='bbox 1063 704 1131 779; x_wconf 92' lang='lat' dir='ltr'><strong>pro</strong></span> <span class='ocrx_word' id='word_1_9' title='bbox 1155 687 1294 779; x_wconf 87' lang='lat' dir='ltr'><strong>magnis</strong></span> <span class='ocrx_word' id='word_1_10' title='bbox 1319 701 1356 758; x_wconf 91' lang='lat' dir='ltr'><strong>et</strong></span> <span class='ocrx_word' id='word_1_11' title='bbox 1380 713 1446 759; x_wconf 86' lang='lat' dir='ltr'><strong>ex·</strong></span> 
     </span>
     <span class='ocr_line' id='line_1_3' title="bbox 379 800 1446 906; baseline 0.004 -30"><span class='ocrx_word' id='word_1_12' title='bbox 379 804 481 876; x_wconf 79' lang='lat' dir='ltr'><strong>celsis</strong></span> <span class='ocrx_word' id='word_1_13' title='bbox 513 800 643 902; x_wconf 85' lang='lat' dir='ltr'><strong>saepius</strong></span> <span class='ocrx_word' id='word_1_14' title='bbox 672 800 862 888; x_wconf 89' lang='lat' dir='ltr'><strong>adhibeat,</strong></span> <span class='ocrx_word' id='word_1_15' title='bbox 894 803 1060 900; x_wconf 72' lang='lat' dir='ltr'><strong>Hispanae</strong></span> <span class='ocrx_word' id='word_1_16' title='bbox 1094 825 1234 876; x_wconf 90' lang='lat' dir='ltr'><strong>memor</strong></span> <span class='ocrx_word' id='word_1_17' title='bbox 1266 811 1446 906; x_wconf 87' lang='lat' dir='ltr'><strong>magnilo-</strong></span> 
     </span>
     <span class='ocr_line' id='line_1_4' title="bbox 378 922 1444 1024; baseline 0.003 -26"><span class='ocrx_word' id='word_1_18' title='bbox 378 930 534 1024; x_wconf 68' lang='lat' dir='ltr'><strong>quentiae</strong></span> <span class='ocrx_word' id='word_1_19' title='bbox 563 939 598 998; x_wconf 90' lang='lat' dir='ltr'><strong>et</strong></span> <span class='ocrx_word' id='word_1_20' title='bbox 626 925 746 996; x_wconf 71' lang='lat' dir='ltr'><strong>stoicae</strong></span> <span class='ocrx_word' id='word_1_21' title='bbox 774 922 951 1020; x_wconf 76' lang='lat' dir='ltr'><strong>superbiae</strong></span> <span class='ocrx_word' id='word_1_22' title='bbox 978 938 1109 1010; x_wconf 79' lang='lat' dir='ltr'><strong>tenax3</strong></span> <span class='ocrx_word' id='word_1_23' title='bbox 1136 940 1293 999; x_wconf 84' lang='lat' dir='ltr'><strong>attamen</strong></span> <span class='ocrx_word' id='word_1_24' title='bbox 1327 930 1444 1001; x_wconf 89' lang='lat' dir='ltr'><strong>multa</strong></span> 
     </span>
     <span class='ocr_line' id='line_1_5' title="bbox 378 1046 1443 1148; baseline 0.001 -27"><span class='ocrx_word' id='word_1_25' title='bbox 378 1050 510 1148; x_wconf 90' lang='lat' dir='ltr'><strong>passim</strong></span> <span class='ocrx_word' id='word_1_26' title='bbox 538 1049 683 1120; x_wconf 82' lang='lat' dir='ltr'><strong>elucent</strong></span> <span class='ocrx_word' id='word_1_27' title='bbox 707 1046 763 1118; x_wconf 88' lang='lat' dir='ltr'><strong>vel</strong></span> <span class='ocrx_word' id='word_1_28' title='bbox 791 1047 928 1118; x_wconf 87' lang='lat' dir='ltr'><strong>sincera</strong></span> <span class='ocrx_word' id='word_1_29' title='bbox 951 1061 988 1118; x_wconf 91' lang='lat' dir='ltr'><strong>et</strong></span> <span class='ocrx_word' id='word_1_30' title='bbox 1013 1050 1223 1145; x_wconf 90' lang='lat' dir='ltr'><strong>incorrupta</strong></span> <span class='ocrx_word' id='word_1_31' title='bbox 1247 1053 1443 1122; x_wconf 89' lang='lat' dir='ltr'><strong>sententia-</strong></span> 
     </span>
     <span class='ocr_line' id='line_1_6' title="bbox 376 1169 1441 1268; baseline 0 -24"><span class='ocrx_word' id='word_1_32' title='bbox 376 1191 458 1244; x_wconf 81' lang='lat' dir='ltr'><strong>rum</strong></span> <span class='ocrx_word' id='word_1_33' title='bbox 488 1169 755 1268; x_wconf 79' lang='lat' dir='ltr'><strong>magnitudine,</strong></span> <span class='ocrx_word' id='word_1_34' title='bbox 779 1169 835 1240; x_wconf 83' lang='lat' dir='ltr'><strong>vel</strong></span> <span class='ocrx_word' id='word_1_35' title='bbox 866 1193 988 1268; x_wconf 84' lang='lat' dir='ltr'><strong>pressa</strong></span> <span class='ocrx_word' id='word_1_36' title='bbox 1017 1185 1053 1241; x_wconf 89' lang='lat' dir='ltr'><strong>et</strong></span> <span class='ocrx_word' id='word_1_37' title='bbox 1081 1171 1269 1268; x_wconf 87' lang='lat' dir='ltr'><strong>splendida</strong></span> <span class='ocrx_word' id='word_1_38' title='bbox 1296 1173 1441 1246; x_wconf 89' lang='lat' dir='ltr'><strong>dicendi</strong></span> 
     </span>
     <span class='ocr_line' id='line_1_7' title="bbox 377 1291 1440 1392; baseline 0.002 -26"><span class='ocrx_word' id='word_1_39' title='bbox 377 1295 552 1366; x_wconf 79' lang='lat' dir='ltr'><strong>brevitate</strong></span> <span class='ocrx_word' id='word_1_40' title='bbox 570 1295 734 1390; x_wconf 86' lang='lat' dir='ltr'><strong>insignia.</strong></span> <span class='ocrx_word' id='word_1_41' title='bbox 755 1291 893 1363; x_wconf 84' lang='lat' dir='ltr'><strong>Rhetor</strong></span> <span class='ocrx_word' id='word_1_42' title='bbox 916 1296 1039 1391; x_wconf 86' lang='lat' dir='ltr'><strong>potius</strong></span> <span class='ocrx_word' id='word_1_43' title='bbox 1057 1319 1166 1392; x_wconf 90' lang='lat' dir='ltr'><strong>quam</strong></span> <span class='ocrx_word' id='word_1_44' title='bbox 1183 1311 1300 1386; x_wconf 89' lang='lat' dir='ltr'><strong>vates,</strong></span> <span class='ocrx_word' id='word_1_45' title='bbox 1321 1299 1383 1372; x_wconf 87' lang='lat' dir='ltr'><strong>sed</strong></span> <span class='ocrx_word' id='word_1_46' title='bbox 1401 1300 1440 1368; x_wconf 91' lang='lat' dir='ltr'><strong>in</strong></span> 
     </span>
     <span class='ocr_line' id='line_1_8' title="bbox 377 1415 1440 1518; baseline 0.002 -27"><span class='ocrx_word' id='word_1_47' title='bbox 377 1415 603 1518; x_wconf 79' lang='lat' dir='ltr'><strong>proferendis</strong></span> <span class='ocrx_word' id='word_1_48' title='bbox 626 1415 806 1514; x_wconf 71' lang='lat' dir='ltr'><strong>sapientia</strong></span> <span class='ocrx_word' id='word_1_49' title='bbox 830 1415 984 1487; x_wconf 86' lang='lat' dir='ltr'><strong>oraculis</strong></span> <span class='ocrx_word' id='word_1_50' title='bbox 1007 1416 1189 1488; x_wconf 89' lang='lat' dir='ltr'><strong>interdum</strong></span> <span class='ocrx_word' id='word_1_51' title='bbox 1217 1418 1440 1517; x_wconf 85' lang='lat' dir='ltr'><strong>eloquentis-</strong></span> 
     </span>
     <span class='ocr_line' id='line_1_9' title="bbox 376 1535 1439 1638; baseline 0.001 -24"><span class='ocrx_word' id='word_1_52' title='bbox 376 1544 506 1629; x_wconf 90' lang='lat' dir='ltr'><strong>simus;</strong></span> <span class='ocrx_word' id='word_1_53' title='bbox 530 1539 629 1611; x_wconf 86' lang='lat' dir='ltr'><strong>inani</strong></span> <span class='ocrx_word' id='word_1_54' title='bbox 657 1535 874 1636; x_wconf 88' lang='lat' dir='ltr'><strong>profluentia</strong></span> <span class='ocrx_word' id='word_1_55' title='bbox 901 1536 1026 1609; x_wconf 88' lang='lat' dir='ltr'><strong>tardus</strong></span> <span class='ocrx_word' id='word_1_56' title='bbox 1054 1551 1091 1612; x_wconf 88' lang='lat' dir='ltr'><strong>et</strong></span> <span class='ocrx_word' id='word_1_57' title='bbox 1120 1539 1348 1638; x_wconf 84' lang='lat' dir='ltr'><strong>implicatus,</strong></span> <span class='ocrx_word' id='word_1_58' title='bbox 1375 1541 1439 1615; x_wconf 84' lang='lat' dir='ltr'><strong>sed</strong></span> 
     </span>
     <span class='ocr_line' id='line_1_10' title="bbox 375 1658 1439 1757; baseline -0.002 -19"><span class='ocrx_word' id='word_1_59' title='bbox 375 1681 502 1738; x_wconf 89' lang='lat' dir='ltr'><strong>acutus</strong></span> <span class='ocrx_word' id='word_1_60' title='bbox 523 1662 619 1734; x_wconf 89' lang='lat' dir='ltr'><strong>idem</strong></span> <span class='ocrx_word' id='word_1_61' title='bbox 645 1675 683 1732; x_wconf 86' lang='lat' dir='ltr'><strong>et</strong></span> <span class='ocrx_word' id='word_1_62' title='bbox 705 1658 928 1757; x_wconf 86' lang='lat' dir='ltr'><strong>quandoque</strong></span> <span class='ocrx_word' id='word_1_63' title='bbox 949 1659 1134 1748; x_wconf 86' lang='lat' dir='ltr'><strong>sublimis,</strong></span> <span class='ocrx_word' id='word_1_64' title='bbox 1157 1664 1187 1732; x_wconf 92' lang='lat' dir='ltr'><strong>is</strong></span> <span class='ocrx_word' id='word_1_65' title='bbox 1211 1677 1265 1735; x_wconf 83' lang='lat' dir='ltr'><strong>est</strong></span> <span class='ocrx_word' id='word_1_66' title='bbox 1283 1667 1439 1736; x_wconf 78' lang='lat' dir='ltr'><strong>Annaeus</strong></span> 
     </span>
     <span class='ocr_line' id='line_1_11' title="bbox 373 1780 1438 1886; baseline -0.004 -26"><span class='ocrx_word' id='word_1_67' title='bbox 373 1803 507 1871; x_wconf 85' lang='lat' dir='ltr'><strong>noster,</strong></span> <span class='ocrx_word' id='word_1_68' title='bbox 517 1797 690 1886; x_wconf 64' lang='lat' dir='ltr'><strong>fluemnt</strong></span> <span class='ocrx_word' id='word_1_69' title='bbox 703 1783 854 1853; x_wconf 91' lang='lat' dir='ltr'><strong>omnino</strong></span> <span class='ocrx_word' id='word_1_70' title='bbox 869 1780 1038 1854; x_wconf 87' lang='lat' dir='ltr'><strong>admirari</strong></span> <span class='ocrx_word' id='word_1_71' title='bbox 1050 1809 1126 1854; x_wconf 92' lang='lat' dir='ltr'><strong>non</strong></span> <span class='ocrx_word' id='word_1_72' title='bbox 1138 1785 1215 1856; x_wconf 89' lang='lat' dir='ltr'><strong>sani</strong></span> <span class='ocrx_word' id='word_1_73' title='bbox 1234 1787 1279 1856; x_wconf 88' lang='lat' dir='ltr'><strong>sit</strong></span> <span class='ocrx_word' id='word_1_74' title='bbox 1294 1785 1438 1880; x_wconf 85' lang='lat' dir='ltr'><strong>judicii,</strong></span> 
     </span>
     <span class='ocr_line' id='line_1_12' title="bbox 371 1905 1439 2001; baseline -0.005 -17"><span class='ocrx_word' id='word_1_75' title='bbox 371 1919 421 1984; x_wconf 86' lang='lat' dir='ltr'><strong>ita</strong></span> <span class='ocrx_word' id='word_1_76' title='bbox 441 1910 544 1981; x_wconf 91' lang='lat' dir='ltr'><strong>nihili</strong></span> <span class='ocrx_word' id='word_1_77' title='bbox 561 1909 733 1978; x_wconf 72' lang='lat' dir='ltr'><strong>estimare</strong></span> <span class='ocrx_word' id='word_1_78' title='bbox 749 1905 912 2001; x_wconf 85' lang='lat' dir='ltr'><strong>iniquius</strong></span> <span class='ocrx_word' id='word_1_79' title='bbox 929 1906 975 1976; x_wconf 87' lang='lat' dir='ltr'><strong>sit</strong></span> <span class='ocrx_word' id='word_1_80' title='bbox 990 1921 1026 1977; x_wconf 86' lang='lat' dir='ltr'><strong>et</strong></span> <span class='ocrx_word' id='word_1_81' title='bbox 1043 1905 1273 1979; x_wconf 83' lang='lat' dir='ltr'><strong>fastidiosius.</strong></span> <span class='ocrx_word' id='word_1_82' title='bbox 1289 1909 1362 1998; x_wconf 88' lang='lat' dir='ltr'><strong>Qui</strong></span> <span class='ocrx_word' id='word_1_83' title='bbox 1376 1933 1439 1980; x_wconf 73' lang='lat' dir='ltr'><strong>ne</strong></span> 
     </span>
     <span class='ocr_line' id='line_1_13' title="bbox 371 2027 1437 2127; baseline -0.005 -21"><span class='ocrx_word' id='word_1_84' title='bbox 371 2036 437 2106; x_wconf 86' lang='lat' dir='ltr'><strong>soit</strong></span> <span class='ocrx_word' id='word_1_85' title='bbox 454 2035 492 2104; x_wconf 91' lang='lat' dir='ltr'><strong>in</strong></span> <span class='ocrx_word' id='word_1_86' title='bbox 505 2037 639 2104; x_wconf 87' lang='lat' dir='ltr'><strong>Seneca</strong></span> <span class='ocrx_word' id='word_1_87' title='bbox 655 2027 823 2127; x_wconf 80' lang='lat' dir='ltr'><strong>praeclara</strong></span> <span class='ocrx_word' id='word_1_88' title='bbox 840 2027 1002 2124; x_wconf 86' lang='lat' dir='ltr'><strong>quaedam</strong></span> <span class='ocrx_word' id='word_1_89' title='bbox 1021 2043 1056 2099; x_wconf 90' lang='lat' dir='ltr'><strong>et</strong></span> <span class='ocrx_word' id='word_1_90' title='bbox 1075 2028 1164 2099; x_wconf 88' lang='lat' dir='ltr'><strong>elata</strong></span> <span class='ocrx_word' id='word_1_91' title='bbox 1184 2027 1348 2117; x_wconf 86' lang='lat' dir='ltr'><strong>laudare,</strong></span> <span class='ocrx_word' id='word_1_92' title='bbox 1359 2055 1437 2101; x_wconf 91' lang='lat' dir='ltr'><strong>non</strong></span> 
     </span>
     <span class='ocr_line' id='line_1_14' title="bbox 372 2150 1437 2256; baseline -0.002 -28"><span class='ocrx_word' id='word_1_93' title='bbox 372 2158 502 2256; x_wconf 84' lang='lat' dir='ltr'><strong>dignus</strong></span> <span class='ocrx_word' id='word_1_94' title='bbox 531 2155 676 2248; x_wconf 85' lang='lat' dir='ltr'><strong>estqui</strong></span> <span class='ocrx_word' id='word_1_95' title='bbox 705 2150 846 2247; x_wconf 84' lang='lat' dir='ltr'><strong>Virgilii</strong></span> <span class='ocrx_word' id='word_1_96' title='bbox 876 2165 914 2222; x_wconf 90' lang='lat' dir='ltr'><strong>et</strong></span> <span class='ocrx_word' id='word_1_97' title='bbox 941 2154 1080 2224; x_wconf 77' lang='lat' dir='ltr'><strong>Horatii</strong></span> <span class='ocrx_word' id='word_1_98' title='bbox 1109 2155 1258 2226; x_wconf 89' lang='lat' dir='ltr'><strong>meliore</strong></span> <span class='ocrx_word' id='word_1_99' title='bbox 1289 2156 1437 2253; x_wconf 86' lang='lat' dir='ltr'><strong>ingenio</strong></span> 
     </span>
    </p>
   </div>
   <div class='ocr_carea' id='block_1_3' title="bbox 255 2279 522 2351">
    <p class='ocr_par' dir='ltr' id='par_1_3' title="bbox 255 2279 522 2351">
     <span class='ocr_line' id='line_1_15' title="bbox 255 2279 522 2351; baseline -0.022 0"><span class='ocrx_word' id='word_1_100' title='bbox 255 2295 257 2300; x_wconf 84' lang='lat'>&#39;</span> <span class='ocrx_word' id='word_1_101' title='bbox 371 2279 522 2351; x_wconf 86' lang='lat' dir='ltr'><strong>fruatur.</strong></span> 
     </span>
    </p>
   </div>
   <div class='ocr_carea' id='block_1_4' title="bbox 289 2396 1437 4217">
    <p class='ocr_par' dir='ltr' id='par_1_4' title="bbox 289 2396 1437 4217">
     <span class='ocr_line' id='line_1_16' title="bbox 419 2396 1437 2497; baseline -0.001 -23"><span class='ocrx_word' id='word_1_102' title='bbox 419 2407 468 2475; x_wconf 87' lang='lat' dir='ltr'><strong>Ut</strong></span> <span class='ocrx_word' id='word_1_103' title='bbox 493 2401 588 2496; x_wconf 85' lang='lat' dir='ltr'><strong>coepi</strong></span> <span class='ocrx_word' id='word_1_104' title='bbox 619 2419 762 2467; x_wconf 90' lang='lat' dir='ltr'><strong>mecum</strong></span> <span class='ocrx_word' id='word_1_105' title='bbox 793 2399 925 2493; x_wconf 88' lang='lat' dir='ltr'><strong>agitare</strong></span> <span class='ocrx_word' id='word_1_106' title='bbox 954 2396 1090 2496; x_wconf 85' lang='lat' dir='ltr'><strong>quibus</strong></span> <span class='ocrx_word' id='word_1_107' title='bbox 1115 2401 1311 2497; x_wconf 76' lang='lat' dir='ltr'><strong>prasertim</strong></span> <span class='ocrx_word' id='word_1_108' title='bbox 1340 2404 1437 2473; x_wconf 86' lang='lat' dir='ltr'><strong>curis</strong></span> 
     </span>
     <span class='ocr_line' id='line_1_17' title="bbox 352 2518 1433 2617; baseline 0.001 -22"><span class='ocrx_word' id='word_1_109' title='bbox 352 2541 501 2596; x_wconf 19' lang='lat' dir='ltr'><strong>&#39;noram</strong></span> <span class='ocrx_word' id='word_1_110' title='bbox 553 2519 646 2590; x_wconf 84' lang='lat' dir='ltr'><strong>hanc</strong></span> <span class='ocrx_word' id='word_1_111' title='bbox 693 2518 885 2588; x_wconf 86' lang='lat' dir='ltr'><strong>latinarum</strong></span> <span class='ocrx_word' id='word_1_112' title='bbox 937 2520 1192 2617; x_wconf 83' lang='lat' dir='ltr'><strong>tragoediarum</strong></span> <span class='ocrx_word' id='word_1_113' title='bbox 1238 2522 1433 2598; x_wconf 86' lang='lat' dir='ltr'><strong>editionem</strong></span> 
     </span>
     <span class='ocr_line' id='line_1_18' title="bbox 289 2639 1434 2744; baseline -0.002 -22"><span class='ocrx_word' id='word_1_114' title='bbox 289 2649 291 2654; x_wconf 73' lang='grc'><strong>’</strong></span> <span class='ocrx_word' id='word_1_115' title='bbox 370 2639 624 2722; x_wconf 74' lang='lat' dir='ltr'><strong>commendare</strong></span> <span class='ocrx_word' id='word_1_116' title='bbox 651 2642 826 2728; x_wconf 86' lang='lat' dir='ltr'><strong>eniterer,</strong></span> <span class='ocrx_word' id='word_1_117' title='bbox 854 2644 921 2713; x_wconf 89' lang='lat' dir='ltr'><strong>tria</strong></span> <span class='ocrx_word' id='word_1_118' title='bbox 947 2646 1065 2716; x_wconf 87' lang='lat' dir='ltr'><strong>statim</strong></span> <span class='ocrx_word' id='word_1_119' title='bbox 1094 2649 1277 2744; x_wconf 83' lang='lat' dir='ltr'><strong>reputanti</strong></span> <span class='ocrx_word' id='word_1_120' title='bbox 1305 2673 1434 2722; x_wconf 87' lang='lat' dir='ltr'><strong>occur-</strong></span> 
     </span>
     <span class='ocr_line' id='line_1_19' title="bbox 370 2763 1434 2865; baseline 0.002 -23"><span class='ocrx_word' id='word_1_121' title='bbox 370 2783 514 2862; x_wconf 77' lang='lat' dir='ltr'><strong>rerunt,</strong></span> <span class='ocrx_word' id='word_1_122' title='bbox 537 2763 672 2865; x_wconf 91' lang='lat' dir='ltr'><strong>quibus</strong></span> <span class='ocrx_word' id='word_1_123' title='bbox 698 2763 898 2838; x_wconf 81' lang='lat' dir='ltr'><strong>efficiendis</strong></span> <span class='ocrx_word' id='word_1_124' title='bbox 925 2769 956 2838; x_wconf 77' lang='lat' dir='ltr'><strong>ei</strong></span> <span class='ocrx_word' id='word_1_125' title='bbox 987 2769 1075 2865; x_wconf 89' lang='lat' dir='ltr'><strong>quid</strong></span> <span class='ocrx_word' id='word_1_126' title='bbox 1101 2784 1154 2840; x_wconf 90' lang='lat' dir='ltr'><strong>est</strong></span> <span class='ocrx_word' id='word_1_127' title='bbox 1177 2772 1214 2840; x_wconf 93' lang='lat' dir='ltr'><strong>in</strong></span> <span class='ocrx_word' id='word_1_128' title='bbox 1240 2791 1299 2842; x_wconf 86' lang='lat' dir='ltr'><strong>me</strong></span> <span class='ocrx_word' id='word_1_129' title='bbox 1325 2772 1434 2844; x_wconf 85' lang='lat' dir='ltr'><strong>facul·</strong></span> 
     </span>
     <span class='ocr_line' id='line_1_20' title="bbox 329 2890 1432 2990; baseline 0 -23"><span class='ocrx_word' id='word_1_130' title='bbox 329 2897 450 2967; x_wconf 64' lang='lat' dir='ltr'><strong>[tatis</strong></span> <span class='ocrx_word' id='word_1_131' title='bbox 480 2890 752 2990; x_wconf 70' lang='lat' dir='ltr'><strong>impenderem</strong></span> <span class='ocrx_word' id='word_1_132' title='bbox 781 2913 931 2990; x_wconf 84' lang='lat' dir='ltr'><strong>nempe,</strong></span> <span class='ocrx_word' id='word_1_133' title='bbox 963 2905 1001 2961; x_wconf 86' lang='lat' dir='ltr'><strong>ut</strong></span> <span class='ocrx_word' id='word_1_134' title='bbox 1039 2891 1073 2961; x_wconf 90' lang='lat'><strong>1⁰</strong></span> <span class='ocrx_word' id='word_1_135' title='bbox 1103 2907 1221 2964; x_wconf 84' lang='lat' dir='ltr'><strong>textus</strong></span> <span class='ocrx_word' id='word_1_136' title='bbox 1251 2900 1432 2968; x_wconf 84' lang='lat' dir='ltr'><strong>recensio·</strong></span> 
     </span>
     <span class='ocr_line' id='line_1_21' title="bbox 374 3012 1433 3115; baseline 0.002 -28"><span class='ocrx_word' id='word_1_137' title='bbox 374 3037 457 3087; x_wconf 89' lang='lat' dir='ltr'><strong>nem</strong></span> <span class='ocrx_word' id='word_1_138' title='bbox 485 3016 647 3086; x_wconf 91' lang='lat' dir='ltr'><strong>omnium</strong></span> <span class='ocrx_word' id='word_1_139' title='bbox 673 3012 946 3100; x_wconf 66' lang='lat' dir='ltr'><strong>Parmensium,</strong></span> <span class='ocrx_word' id='word_1_140' title='bbox 967 3016 1031 3110; x_wconf 94' lang='lat' dir='ltr'><strong>qui</strong></span> <span class='ocrx_word' id='word_1_141' title='bbox 1059 3013 1223 3085; x_wconf 91' lang='lat' dir='ltr'><strong>nondum</strong></span> <span class='ocrx_word' id='word_1_142' title='bbox 1257 3017 1433 3115; x_wconf 78' lang='lat' dir='ltr'><strong>explorati</strong></span> 
     </span>
     <span class='ocr_line' id='line_1_22' title="bbox 369 3135 1431 3237; baseline 0.002 -26"><span class='ocrx_word' id='word_1_143' title='bbox 369 3153 471 3224; x_wconf 84' lang='lat' dir='ltr'><strong>sunt,</strong></span> <span class='ocrx_word' id='word_1_144' title='bbox 496 3157 604 3207; x_wconf 85' lang='lat' dir='ltr'><strong>manu</strong></span> <span class='ocrx_word' id='word_1_145' title='bbox 630 3136 846 3232; x_wconf 87' lang='lat' dir='ltr'><strong>scriptorum</strong></span> <span class='ocrx_word' id='word_1_146' title='bbox 873 3135 1039 3208; x_wconf 88' lang='lat' dir='ltr'><strong>codicum</strong></span> <span class='ocrx_word' id='word_1_147' title='bbox 1068 3138 1260 3212; x_wconf 87' lang='lat' dir='ltr'><strong>collatione</strong></span> <span class='ocrx_word' id='word_1_148' title='bbox 1283 3141 1431 3237; x_wconf 80' lang='lat' dir='ltr'><strong>adjuva·</strong></span> 
     </span>
     <span class='ocr_line' id='line_1_23' title="bbox 367 3259 1432 3356; baseline 0.002 -22"><span class='ocrx_word' id='word_1_149' title='bbox 367 3284 463 3347; x_wconf 86' lang='lat' dir='ltr'><strong>rem,</strong></span> <span class='ocrx_word' id='word_1_150' title='bbox 483 3277 626 3332; x_wconf 83' lang='lat' dir='ltr'><strong>necnon</strong></span> <span class='ocrx_word' id='word_1_151' title='bbox 641 3261 836 3356; x_wconf 85' lang='lat' dir='ltr'><strong>praecipuas</strong></span> <span class='ocrx_word' id='word_1_152' title='bbox 855 3260 894 3328; x_wconf 89' lang='lat' dir='ltr'><strong>in</strong></span> <span class='ocrx_word' id='word_1_153' title='bbox 915 3259 1105 3331; x_wconf 91' lang='lat' dir='ltr'><strong>consilium</strong></span> <span class='ocrx_word' id='word_1_154' title='bbox 1119 3282 1283 3334; x_wconf 84' lang='lat' dir='ltr'><strong>vocarem</strong></span> <span class='ocrx_word' id='word_1_155' title='bbox 1302 3262 1432 3336; x_wconf 90' lang='lat' dir='ltr'><strong>editio-</strong></span> 
     </span>
     <span class='ocr_line' id='line_1_24' title="bbox 367 3381 1430 3482; baseline 0.001 -26"><span class='ocrx_word' id='word_1_156' title='bbox 367 3405 451 3470; x_wconf 82' lang='lat' dir='ltr'><strong>nes,</strong></span> <span class='ocrx_word' id='word_1_157' title='bbox 470 3405 550 3482; x_wconf 78' lang='lat' dir='ltr'><strong>quae</strong></span> <span class='ocrx_word' id='word_1_158' title='bbox 567 3385 641 3454; x_wconf 87' lang='lat' dir='ltr'><strong>sive</strong></span> <span class='ocrx_word' id='word_1_159' title='bbox 659 3381 755 3479; x_wconf 88' lang='lat' dir='ltr'><strong>apud</strong></span> <span class='ocrx_word' id='word_1_160' title='bbox 773 3405 856 3470; x_wconf 87' lang='lat' dir='ltr'><strong>nos,</strong></span> <span class='ocrx_word' id='word_1_161' title='bbox 880 3382 956 3452; x_wconf 83' lang='lat' dir='ltr'><strong>sive</strong></span> <span class='ocrx_word' id='word_1_162' title='bbox 978 3382 1073 3479; x_wconf 88' lang='lat' dir='ltr'><strong>apud</strong></span> <span class='ocrx_word' id='word_1_163' title='bbox 1098 3398 1286 3472; x_wconf 82' lang='lat' dir='ltr'><strong>externos,</strong></span> <span class='ocrx_word' id='word_1_164' title='bbox 1308 3385 1353 3457; x_wconf 90' lang='lat' dir='ltr'><strong>ab</strong></span> <span class='ocrx_word' id='word_1_165' title='bbox 1371 3390 1430 3458; x_wconf 86' lang='lat' dir='ltr'><strong>in-</strong></span> 
     </span>
     <span class='ocr_line' id='line_1_25' title="bbox 367 3503 1431 3602; baseline 0.004 -24"><span class='ocrx_word' id='word_1_166' title='bbox 367 3521 474 3579; x_wconf 85' lang='lat' dir='ltr'><strong>venta</strong></span> <span class='ocrx_word' id='word_1_167' title='bbox 495 3503 746 3602; x_wconf 69' lang='lat' dir='ltr'><strong>typographia,</strong></span> <span class='ocrx_word' id='word_1_168' title='bbox 770 3504 1001 3600; x_wconf 63' lang='lat' dir='ltr'><strong>prodier-unu</strong></span> <span class='ocrx_word' id='word_1_169' title='bbox 1018 3515 1057 3574; x_wconf 80' lang='lat'><strong>2⁰</strong></span> <span class='ocrx_word' id='word_1_170' title='bbox 1075 3508 1169 3576; x_wconf 88' lang='lat' dir='ltr'><strong>notis</strong></span> <span class='ocrx_word' id='word_1_171' title='bbox 1190 3507 1431 3582; x_wconf 85' lang='lat' dir='ltr'><strong>instrueretur</strong></span> 
     </span>
     <span class='ocr_line' id='line_1_26' title="bbox 366 3624 1428 3728; baseline 0 -27"><span class='ocrx_word' id='word_1_172' title='bbox 366 3647 460 3728; x_wconf 83' lang='lat' dir='ltr'><strong>opus</strong></span> <span class='ocrx_word' id='word_1_173' title='bbox 470 3626 620 3725; x_wconf 88' lang='lat' dir='ltr'><strong>,quibus</strong></span> <span class='ocrx_word' id='word_1_174' title='bbox 630 3641 707 3696; x_wconf 86' lang='lat' dir='ltr'><strong>tum</strong></span> <span class='ocrx_word' id='word_1_175' title='bbox 721 3625 980 3696; x_wconf 85' lang='lat' dir='ltr'><strong>sententiarum</strong></span> <span class='ocrx_word' id='word_1_176' title='bbox 990 3624 1221 3723; x_wconf 81' lang='lat' dir='ltr'><strong>expediretur</strong></span> <span class='ocrx_word' id='word_1_177' title='bbox 1231 3631 1428 3715; x_wconf 82' lang='lat' dir='ltr'><strong>connexio,</strong></span> 
     </span>
     <span class='ocr_line' id='line_1_27' title="bbox 366 3747 1429 3851; baseline 0 -27"><span class='ocrx_word' id='word_1_178' title='bbox 366 3769 402 3825; x_wconf 79' lang='lat' dir='ltr'><strong>et</strong></span> <span class='ocrx_word' id='word_1_179' title='bbox 419 3756 503 3851; x_wconf 84' lang='lat' dir='ltr'><strong>ipsae</strong></span> <span class='ocrx_word' id='word_1_180' title='bbox 520 3772 585 3849; x_wconf 88' lang='lat' dir='ltr'><strong>per</strong></span> <span class='ocrx_word' id='word_1_181' title='bbox 600 3773 637 3821; x_wconf 87' lang='lat' dir='ltr'><strong>se</strong></span> <span class='ocrx_word' id='word_1_182' title='bbox 649 3751 833 3820; x_wconf 75' lang='lat' dir='ltr'><strong>sententia</strong></span> <span class='ocrx_word' id='word_1_183' title='bbox 851 3747 1149 3847; x_wconf 81' lang='lat' dir='ltr'><strong>interpretatione</strong></span> <span class='ocrx_word' id='word_1_184' title='bbox 1163 3775 1239 3822; x_wconf 91' lang='lat' dir='ltr'><strong>non</strong></span> <span class='ocrx_word' id='word_1_185' title='bbox 1252 3768 1429 3840; x_wconf 86' lang='lat' dir='ltr'><strong>carerent,</strong></span> 
     </span>
     <span class='ocr_line' id='line_1_28' title="bbox 364 3871 1427 3973; baseline 0.002 -27"><span class='ocrx_word' id='word_1_186' title='bbox 364 3889 442 3946; x_wconf 82' lang='lat' dir='ltr'><strong>turn</strong></span> <span class='ocrx_word' id='word_1_187' title='bbox 460 3873 582 3945; x_wconf 86' lang='lat' dir='ltr'><strong>omnia</strong></span> <span class='ocrx_word' id='word_1_188' title='bbox 600 3871 879 3968; x_wconf 84' lang='lat' dir='ltr'><strong>explanarentur</strong></span> <span class='ocrx_word' id='word_1_189' title='bbox 899 3871 945 3943; x_wconf 86' lang='lat' dir='ltr'><strong>ad</strong></span> <span class='ocrx_word' id='word_1_190' title='bbox 963 3875 1211 3969; x_wconf 86' lang='lat' dir='ltr'><strong>antiquitates,</strong></span> <span class='ocrx_word' id='word_1_191' title='bbox 1223 3875 1268 3946; x_wconf 84' lang='lat' dir='ltr'><strong>ad</strong></span> <span class='ocrx_word' id='word_1_192' title='bbox 1281 3877 1427 3973; x_wconf 82' lang='lat' dir='ltr'><strong>mytho·</strong></span> 
     </span>
     <span class='ocr_line' id='line_1_29' title="bbox 362 3993 1427 4096; baseline 0.002 -27"><span class='ocrx_word' id='word_1_193' title='bbox 362 3999 511 4096; x_wconf 78' lang='lat' dir='ltr'><strong>logiam,</strong></span> <span class='ocrx_word' id='word_1_194' title='bbox 529 3995 575 4067; x_wconf 86' lang='lat' dir='ltr'><strong>atl</strong></span> <span class='ocrx_word' id='word_1_195' title='bbox 593 3993 869 4094; x_wconf 83' lang='lat' dir='ltr'><strong>geographiam,</strong></span> <span class='ocrx_word' id='word_1_196' title='bbox 891 3995 935 4065; x_wconf 83' lang='lat' dir='ltr'><strong>ud</strong></span> <span class='ocrx_word' id='word_1_197' title='bbox 959 3993 1057 4066; x_wconf 87' lang='lat' dir='ltr'><strong>latini</strong></span> <span class='ocrx_word' id='word_1_198' title='bbox 1077 3995 1234 4094; x_wconf 86' lang='lat' dir='ltr'><strong>denique</strong></span> <span class='ocrx_word' id='word_1_199' title='bbox 1250 4003 1427 4071; x_wconf 86' lang='lat' dir='ltr'><strong>sermonis</strong></span> 
     </span>
     <span class='ocr_line' id='line_1_30' title="bbox 361 4117 1428 4217; baseline 0.004 -28"><span class='ocrx_word' id='word_1_200' title='bbox 361 4137 464 4191; x_wconf 79' lang='lat' dir='ltr'><strong>nsum</strong></span> <span class='ocrx_word' id='word_1_201' title='bbox 492 4119 730 4217; x_wconf 78' lang='lat' dir='ltr'><strong>pertinentia3</strong></span> <span class='ocrx_word' id='word_1_202' title='bbox 765 4117 805 4189; x_wconf 80' lang='lat'><strong>3⁰</strong></span> <span class='ocrx_word' id='word_1_203' title='bbox 832 4117 1086 4214; x_wconf 80' lang='lat' dir='ltr'><strong>colligerentur</strong></span> <span class='ocrx_word' id='word_1_204' title='bbox 1113 4133 1150 4189; x_wconf 87' lang='lat' dir='ltr'><strong>et</strong></span> <span class='ocrx_word' id='word_1_205' title='bbox 1175 4119 1428 4216; x_wconf 83' lang='lat' dir='ltr'><strong>proferrennrr</strong></span> 
     </span>
    </p>
   </div>
   <div class='ocr_carea' id='block_1_5' title="bbox 0 0 1550 5142">
    <p class='ocr_par' dir='ltr' id='par_1_5' title="bbox 0 0 1550 5142">
     <span class='ocr_line' id='line_1_31' title="bbox 0 0 1550 5142; baseline 0 7"><span class='ocrx_word' id='word_1_206' title='bbox 0 0 1550 5142; x_wconf 95' lang='lat' dir='ltr'><strong> </strong></span> 
     </span>
    </p>
   </div>
  </div>
 </body>
</html>
