3210 5140
358 531 429 621 18²
548 531 599 596 IN
627 529 913 596 HERCULEM
942 525 1220 596 FURENTEM

352 677 475 732 regnasse
486 672 512 711 et
524 660 680 711 morientem
692 657 834 730 imperium
846 677 921 710 suum
933 657 1053 728 Telepho
1065 655 1212 710 tradidisse.
1223 649 1349 728 Apollod.
1362 659 1416 711 111.

355 761 372 810 9
387 758 395 794 τ
411 740 610 810 Παραγενόμενος
624 729 755 806 (Τήλεφος)
770 739 801 797 εἰς
815 739 928 800 Μυσίαν,
943 739 1009 797 θετὸς
1025 739 1084 797 παῖς
1096 738 1242 809 Τεύθραντος
1256 736 1364 807 γίνεται,
1376 741 1417 790 sei

353 827 514 879 τελευτῶντος
531 821 604 870 αὐτοῦ
618 813 737 885 διάδοχος
750 823 794 877 τῆς
807 813 954 877 δυναστείας
968 817 1071 886 γίνεται.
1086 816 1144 868 Hoc
1157 828 1244 868 autern
1258 817 1417 870 vocabulum

354 903 436 960 eversi,
454 897 488 951 de
500 917 554 968 quo
564 895 678 950 editores
691 915 783 950 omnes
793 896 937 960 siluerunt,
951 911 977 948 et
988 894 1076 967 quod,
1087 897 1109 948 si
1120 894 1242 949 admittas
1253 897 1415 959 Teuthrantis,

356 998 411 1032 non
427 979 505 1050 friget
522 978 624 1040 solum,
639 975 687 1030 sed
703 976 813 1047 intelligi
829 977 936 1048 nequit,
952 993 1012 1028 cum
1025 988 1112 1028 vetere
1129 976 1243 1028 lectione
1256 977 1346 1048 Euryti
1360 995 1417 1029 om-

356 1061 421 1112 nino
434 1056 577 1128 congruit3
590 1057 708 1126 Eurytus
722 1057 792 1108 enim
806 1075 866 1109 cum
879 1073 926 1108 sut
939 1055 1041 1118 domm
1034 1075 1051 1106 r.
1066 1074 1089 1108 e.
1103 1073 1162 1108 cum
1177 1055 1246 1120 suis,
1259 1055 1292 1107 ab
1305 1055 1419 1109 Hercule

332 1136 501 1194 ‚trucidatus
519 1151 566 1192 est.
585 1134 710 1206 Apollod.
728 1137 824 1205 11,7:
840 1137 945 1196 Κτείνας
963 1135 1028 1205 μετα
1043 1130 1203 1188 rosselini
1223 1136 1342 1205 Εὔρυτον,
1358 1139 1419 1206 aipti

354 1219 398 1276 mis
413 1219 511 1270 πολιν...
515 1215 808 1286 eminentissimo<
824 1217 867 1268 riu
882 1216 950 1267 eollo
959 1211 1036 1286 ,ἦγεν
1049 1205 1117 1270 lotas
1134 1215 1298 1284 αἰχμάλωτον.

398 1289 462 1360 486.
484 1296 580 1364 Integer
596 1293 704 1364 Cygnus.
724 1295 816 1348 Lectio
836 1313 868 1348 er
886 1295 1042 1347 Florentino
1061 1293 1153 1347 codice
1171 1293 1326 1366 desumpta,
1344 1307 1371 1348 et
1385 1294 1418 1346 ab

357 1377 480 1430 omnibus
497 1373 645 1428 editoribus
662 1387 722 1446 post
740 1375 907 1428 Gronovium
926 1387 1041 1444 recepta.
1058 1372 1206 1427 Ediderant
1224 1373 1303 1426 Ferri.
1323 1375 1417 1426 Arent.

358 1457 438 1509 Viau.
454 1456 525 1508 Petu.
541 1467 567 1508 et
580 1455 652 1508 Deir.
666 1467 722 1506 urite
737 1453 868 1527 Geryones,
886 1452 959 1525 quod
972 1454 1044 1507 Deir.
1056 1454 1084 1505 in
1099 1454 1238 1506 Basileens.
1255 1454 1377 1524 Mogunt.
1392 1465 1420 1506 et

357 1535 467 1607 Egrian.
484 1535 603 1598 invenit,
621 1532 694 1606 quod
711 1545 738 1586 et
756 1535 784 1586 iu
799 1533 874 1586 Μ88.
890 1534 983 1586 Pariss.
1002 1534 1090 1598 tosa,
1109 1536 1199 1598 8026,
1219 1535 1307 1603 8027,
1323 1534 1417 1602 8029,

360 1614 449 1676 8030,
466 1613 550 1679 8031,
564 1615 653 1679 8036,
667 1616 754 1679 8260,
767 1615 841 1666 8262
857 1614 996 1668 scribitur:
1010 1611 1110 1666 Isoard.
1123 1611 1211 1684 AEgid.
1226 1613 1328 1666 fabric.
1340 1613 1419 1666 Com·

358 1695 420 1749 mel.
441 1695 520 1748 Grut.
542 1693 635 1747 Heins.
651 1693 763 1764 Rapbel.
779 1694 864 1746 Scriv.
879 1695 958 1746 Farn.
974 1707 1000 1746 et
1012 1693 1097 1765 Tbys.
1111 1706 1167 1744 oute
1182 1692 1331 1762 Geryonem,
1347 1704 1377 1744 ut
1392 1693 1418 1745 in

358 1775 470 1846 Herpib.
487 1785 513 1826 et
530 1772 617 1826 tribus
630 1775 726 1826 Venet.
741 1773 892 1828 Delrionis:
908 1773 1013 1826 ascens.
1028 1785 1055 1826 et
1074 1773 1179 1844 Grypb.
1198 1783 1253 1824 onte
1272 1771 1419 1844 Geryones.-

358 1854 454 1908 Pbilol.
482 1871 544 1906 cum
571 1851 647 1906 Μ88.
668 1854 764 1906 nostris
788 1853 874 1923 6395,
896 1853 982 1918 8025,
1002 1853 1094 1918 8028,
1114 1853 1201 1918 8032,
1222 1851 1306 1918 8033,
1327 1851 1418 1914 8034,

360 1934 444 2004 8037,
459 1935 547 1996 8261,
559 1935 650 1996 8264,
664 1946 707 1984 out
720 1933 853 2004 Geryones,
868 1931 941 2004 quod
953 1933 1152 1996 Commeliuns,
1166 1933 1228 1986 licet
1241 1929 1313 1984 aliud
1325 1929 1354 1986 iu
1365 1943 1419 1984 ter·

359 2025 417 2066 tum
432 2011 582 2077 admiserit,
598 2012 721 2066 substitui
736 2013 858 2078 volebat,
872 2013 909 2066 sic
924 2014 1117 2084 interpretaur,
1137 2012 1266 2065 «Coactus
1279 2011 1334 2082 pati
1349 2030 1419 2064 mor·

359 2105 413 2146 tem
426 2105 472 2146 aut
488 2092 640 2162 Geryones,
654 2093 672 2144 i.
686 2111 710 2144 e.
724 2106 770 2144 aut
783 2111 899 2163 pugnam
912 2111 973 2145 cum
987 2091 1177 2166 Geryouibus;
1194 2103 1248 2145 tres
1261 2092 1333 2143 enirn
1346 2103 1420 2144 erant

360 2172 507 2244 Geryones.
519 2195 530 2220 ι
545 2171 668 2224 Heinsius
677 2173 858 2242 interrogabat
867 2173 926 2243 quis
938 2173 987 2226 iste
999 2185 1065 2224 esset
1077 2172 1148 2224 ferro
1159 2183 1185 2223 et
1197 2170 1302 2224 vulneri
1312 2169 1419 2233 obvius,

360 2252 407 2324 qui
422 2264 511 2304 tamen
526 2263 587 2303 ante
598 2252 750 2321 Geryonem
763 2264 876 2304 mortem
891 2252 945 2321 pati
958 2262 1062 2305 coactus
1074 2249 1125 2305 siti
1137 2257 1170 2302 Et
1182 2269 1264 2322 quum
1276 2251 1421 2321 intelligere

361 2332 448 2384 locum
463 2349 519 2384 non
533 2343 635 2400 posset,
650 2330 809 2384 emendabat
822 2349 854 2383 ex
868 2331 1014 2384 Villeriano
1026 2328 1085 2384 rod.
1103 2330 1207 2400 «ipsius
1222 2329 1350 2392 Orthrus,
1366 2329 1421 2383 vul·

360 2429 425 2464 nere
440 2422 468 2463 et
482 2411 555 2462 feno
572 2410 681 2474 obrius,
697 2412 813 2463 Mortem
829 2423 936 2464 coactus
952 2423 1014 2464 ante
1028 2409 1179 2480 Geryonem
1197 2409 1261 2480 pati.
1273 2436 1284 2458 ι
1301 2409 1421 2480 Denique

361 2490 514 2544 Gronovius
537 2507 571 2542 ex
591 2490 744 2548 Florentino
764 2489 848 2543 edixit
863 2495 953 2560 integer
966 2490 1080 2561 Cygnus,
1097 2487 1188 2560 quod,
1203 2489 1267 2543 licet
1286 2508 1301 2542 a
1318 2491 1421 2560 vulgata

360 2569 586 2636 diversissimum,
599 2570 626 2620 in
641 2581 794 2622 contextum
807 2571 924 2641 recipere
937 2589 991 2622 nou
1008 2567 1146 2622 dubitavit.
1160 2571 1216 2622 Nos
1228 2569 1299 2622 illius
1313 2567 1420 2641 quidem

359 2650 503 2704 lectionem
516 2646 669 2701 admisimus
683 2667 689 2699 :
703 2661 817 2701 attamen
832 2651 947 2702 latemur
960 2667 1054 2720 parum
1067 2649 1180 2702 abluisse
1199 2649 1265 2720 quin
1280 2667 1421 2720 reponere·

361 2748 420 2782 mus
434 2741 490 2782 onte
503 2727 646 2799 Geryonem,
661 2729 711 2780 rati
724 2729 797 2781 lraud
812 2728 951 2782 adversum
965 2729 1070 2782 Senecas
1080 2729 1187 2800 ingenio
1199 2731 1273 2793 lore,
1288 2730 1311 2781 si
1326 2727 1359 2781 de
1372 2730 1421 2790 tri·¹

359 2810 430 2881 plica
440 2809 564 2879 Geryone
577 2805 694 2872 dicatur,
707 2808 860 2880 Geryonem
873 2820 928 2860 onte
942 2808 1077 2880 Geryonem
1090 2821 1135 2861 aut
1147 2820 1203 2860 unte
1219 2807 1342 2879 Geryones
1352 2809 1421 2861 occi·

361 2907 420 2943 sum
430 2908 438 2954 ς
449 2905 511 2945 nem
522 2905 577 2960 uno
586 2887 704 2950 sublato,
716 2885 770 2940 duo
781 2900 936 2959 supererant
947 2907 954 2940 :
968 2887 1091 2942 videntur
1104 2889 1177 2941 hunc
1187 2907 1292 2941 sensum
1306 2888 1422 2941 innuere

361 2969 497 3040 sequentia
511 2987 553 3018 uec
566 2987 639 3029 rursu,
656 2980 704 3020 etc.
722 2969 777 3020 Nec
791 2967 898 3038 objiciat
910 2967 1005 3038 aliquis
1019 2967 1070 3022 boc
1083 2968 1159 3039 pravi
1171 2965 1315 3021 admodum
1327 2965 1422 3038 judicii

362 3067 432 3112 esse,
446 3047 497 3100 nisi
511 3047 581 3098 forte
597 3059 674 3118 putet
684 3047 814 3100 Nostrum
825 3048 876 3100 boc
888 3047 1014 3100 vitiorum
1027 3066 1124 3118 genere
1135 3066 1237 3111 carere,
1250 3060 1276 3101 et
1287 3065 1422 3119 uunquam

363 3129 476 3199 argutias
491 3127 637 3197 ascitosque
652 3128 780 3180 sermonis
794 3127 898 3198 lepores
910 3125 1045 3180 adhibere.
1057 3128 1149 3180 Unum
1165 3128 1267 3180 obstitit
1281 3128 1423 3198 quominus

361 3203 496 3277 vulgmam
509 3224 678 3268 revocarem
691 3225 786 3278 nempe
800 3205 888 3277 quod,
902 3207 945 3260 illa
959 3208 1093 3270 restituta,
1106 3205 1279 3278 procedentia
1292 3207 1388 3259 uulnur'
1399 3219 1424 3257 et

356 3291 426 3356 ferro
437 3287 518 3338 obuius
531 3305 585 3338 non
600 3283 758 3339 commode
750 3300 948 3358 interpretarer.
1005 3327 1009 3336 .

405 3366 470 3436 493.
486 3367 574 3458 Negat.
587 3365 661 3418 MSS
675 3366 767 3419 Pariss.
785 3369 868 3432 8006,
886 3367 969 3430 8055,
983 3365 1069 3430 8261,
1080 3339 1163 3434 aegris,
1181 3383 1306 3418 conversa
1320 3364 1354 3419 ad
1365 3365 1423 3418 Me·

364 3465 452 3518 garam
465 3447 592 3500 oratione.

405 3533 459 3596 497
481 3539 508 3578 et
530 3527 595 3593 498.
614 3523 677 3578 vid.
698 3543 756 3596 que
774 3537 862 3578 notav.
883 3543 909 3594 p.
931 3529 981 3588 60,
1001 3523 1035 3578 de
1056 3525 1186 3576 Gronovii
1206 3525 1373 3596 conjecturis.
1384 3557 1424 3566 -

363 3605 479 3676 AEgypti.
497 3605 573 3657 MSS.
587 3624 679 3658 omues
693 3617 719 3658 et
733 3603 795 3658 edd.
812 3617 876 3658 vett.
890 3605 966 3658 Fern.
981 3601 1080 3656 Isosrd
1099 3603 1185 3676 AEgid.
1200 3605 1296 3658 Philol.
1313 3605 1423 3657 Ascens.

364 3687 483 3758 AEgrsti,
502 3685 639 3738 manilesto
653 3703 753 3738 errore.

407 3767 470 3818 501.
485 3764 603 3834 Conjugr'o
616 3767 726 3836 quonium
736 3767 856 3855 peruicax.
871 3763 1057 3816 Diversrssrmse
1069 3776 1132 3816 sunt
1144 3763 1224 3836 hujus
1235 3764 1288 3816 locr
1299 3763 1425 3816 lectiones

364 3857 422 3896 tum
432 3844 459 3896 in
471 3843 527 3896 Ms.
541 3856 598 3898 turn
615 3845 642 3895 in
659 3843 770 3912 escuris.
780 3843 925 3908 Nonnulli,
937 3844 1006 3894 inter
1017 3861 1082 3914 quos
1093 3844 1162 3895 Petr.
1174 3843 1202 3896 in
1219 3861 1300 3914 marg.
1315 3855 1342 3898 et
1352 3843 1425 3896 Deir.

363 3935 437 3976 retus
452 3923 534 3990 liber,
543 3929 665 3994 pertinax,
678 3925 781 3996 vulgata
792 3921 950 3994 languidius.
962 3923 1068 3974 Ascens.
1083 3922 1186 3991 Coujug.
1200 3923 1295 3995 quarrdo
1303 3926 1425 3992 peruicax.

363 4003 437 4056 Μ88.
452 4005 533 4056 Paris.
547 4003 634 4071 80²9,
650 4009 718 4054 nimis
728 4007 850 4074 per-tinus,
865 4001 939 4072 quod
953 4021 1006 4054 non
1020 4001 1087 4054 milri
1103 4000 1244 4072 displicet:
1262 4003 1341 4073 friget
1354 4003 1426 4054 eninr

362 4084 499 4154 paululum
515 4084 668 4152 conjunctio
683 4087 809 4155 quoniam,
828 4097 855 4134 et
870 4083 956 4152 aptius
970 4082 1056 4134 lorsan
1071 4079 1146 4134 cadat
1159 4083 1186 4133 in
1202 4082 1306 4134 solitam
1321 4083 1428 4135 Senecas

361 4162 495 4216 scribendi
510 4163 637 4216 rationem
654 4163 739 4216 oratio
756 4163 806 4214 hoc
823 4159 903 4214 modo
917 4163 1044 4214 concisa:
1066 4188 1077 4208 ι
1087 4161 1220 4232 Conjugia
1233 4162 1348 4215 nimium
1366 4180 1428 4234 per·

362 4243 436 4297 vicar
451 4255 539 4296 nostra
551 4243 658 4306 abnuis,
673 4243 822 4312 {legemque
838 4241 938 4293 terres?
953 4253 1055 4311 sceptra
1068 4238 1134 4310 quid
1145 4241 1268 4311 possint,
1282 4243 1358 4294 scies.
1372 4269 1383 4287 ·
