3118 5138
479 491 786 562 armeniano.
1107 496 1161 590 eaj

103 632 178 680 certe
194 629 266 679 arte
286 613 484 678 dramatica:
504 615 577 678 licet
591 615 679 678 enirn
698 615 731 677 in
750 613 885 703 singulis
902 613 1098 701 quibusdam
1115 619 1167 682 vel

21 743 22 762 ¹
102 723 195 786 scenis
211 719 266 782 vel
284 718 422 782 vocibus
443 717 644 782 inveniendis
667 717 758 798 felix,
779 735 812 782 et
830 719 988 807 tragicum
1006 721 1167 810 praecipue

21 869 22 876 κ
103 827 266 889 honorem
281 821 554 910 descriptionibus
568 821 762 887 infundendi
776 823 915 911 peritus,
926 823 979 888 illa
991 826 1023 888 vi
1035 824 1176 908 destitu5

102 948 148 995 tus
165 929 316 1010 videtur,
337 949 411 1014 quae
431 927 532 990 varias
553 926 668 991 fabulas
690 942 816 1016 partes,
837 944 911 1016 apte
930 951 1108 1014 connexas,
1132 933 1166 996 in

102 1059 200 1100 uuum
227 1050 408 1123 congregat
435 1050 468 1098 et
495 1031 636 1123 colligit,
668 1033 808 1098 diverses
837 1036 984 1122 apprime
1007 1040 1168 1128 excogitat

103 1142 256 1232 fingitque
274 1139 451 1229 personas,
468 1155 501 1202 et
515 1161 567 1203 res
581 1139 626 1203 ita
642 1141 828 1228 componit,
844 1141 930 1205 utin
949 1142 1075 1230 agendo
1091 1167 1167 1232 per-

102 1271 181 1313 sonae
195 1263 298 1328 recte,
311 1243 477 1325 decenter,
486 1262 519 1308 et
534 1244 640 1310 vivide
652 1267 720 1309 sese
734 1246 910 1334 proferant.
925 1248 1166 1336 Tragoediarum

102 1371 263 1419 auctorem
284 1375 338 1418 eas
358 1372 428 1415 non
446 1373 549 1416 scenae
567 1351 789 1433 destinavisse,
806 1353 1091 1438 verisimillimum
1110 1357 1167 1422 sed

103 1463 235 1524 formam
251 1458 462 1522 dramaticam
478 1457 626 1546 elegisse,
644 1479 715 1545 quae
728 1457 905 1523 rhetoricas
924 1463 1167 1528 exercitationes

101 1565 271 1646 adjuvaret
301 1561 452 1626 Dubitari
480 1563 593 1626 saltem
622 1585 690 1626 non
718 1579 850 1651 potest,
868 1587 943 1628 eum
973 1567 1167 1633 rhetoricam

103 1672 195 1760 magis
211 1685 335 1748 artem,
349 1691 448 1756 quam
461 1668 613 1757 tragicam
628 1685 805 1756 spectasse;
821 1685 854 1734 et
868 1671 1063 1758 impensius,
1081 1677 1166 1738 utin

103 1775 359 1864 seperitiamque
379 1793 470 1836 suam
489 1772 602 1836 oculos
624 1773 817 1860 animosque
838 1791 1057 1858 converteret,
1070 1801 1167 1866 qnam

102 1884 131 1945 in
142 1905 211 1944 rem
226 1881 353 1968 ipsam,
368 1877 448 1942 dum
462 1879 603 1979 singulas
616 1878 772 1943 conderet
784 1879 969 1970 tragoedias,
987 1881 1167 1969 studuisse;

103 1987 177 2050 banc
190 1986 296 2075 igitur
311 1982 466 2048 dramatis
480 1983 726 2072 dispositionem
741 2007 868 2074 semper
883 1987 1081 2074 quaesivisse,
1096 2013 1168 2078 quae

103 2094 198 2182 longis
211 2091 436 2172 orationibus,
447 2091 615 2156 sententiis
625 2108 656 2156 et
665 2091 937 2182 descriptionibus
947 2094 1054 2160 locum
1066 2095 1167 2164 daret.

104 2201 136 2262 ln
152 2197 432 2286 descriptionibus
450 2197 628 2285 prasertim
646 2219 745 2284 quarn
768 2197 1027 2285 splendidissime
1048 2203 1170 2269 etninet

104 2305 266 2392 proprium
278 2303 409 2366 Senecae
420 2302 587 2393 ingenium
599 2326 607 2366 :
622 2301 680 2366 sed
692 2302 742 2366 vel
754 2303 787 2366 in
799 2304 844 2368 eis
856 2305 1016 2392 quidquid
1029 2309 1168 2375 sublime

103 2435 151 2482 aut
167 2415 366 2482 horrificum
386 2415 545 2498 laudatur,
567 2415 641 2479 ideo
664 2416 773 2480 minus
793 2401 920 2480 roboris
941 2418 1055 2501 habet,
1079 2422 1168 2508 quod

104 2525 184 2588 enixe
199 2523 334 2587 laborat
350 2521 499 2610 scriptor,
519 2537 557 2586 ut
572 2520 802 2586 iocunditatem
823 2543 915 2586 suam
933 2547 1001 2586 non
1023 2526 1056 2588 in
1076 2549 1167 2590 com-

103 2629 244 2717 ponenda
280 2627 388 2716 operis
418 2627 644 2706 universitate,
682 2626 738 2690 sed
773 2628 808 2689 in
838 2628 971 2716 singulis
1003 2633 1168 2698 sententiis
1263 2673 1267 2678 ·

104 2733 312 2823 explicandis,
325 2748 454 2820 promat
467 2747 500 2795 et
511 2747 662 2796 ostentet.
680 2734 793 2815 Quum
805 2747 913 2796 autem
926 2735 982 2820 qui
995 2735 1170 2802 rhetoricas

102 2857 174 2906 artes
186 2855 361 2906 sectantur
373 2837 508 2902 modum
518 2836 672 2902 excedere
681 2839 822 2920 soleant,
833 2855 867 2903 et
876 2841 985 2904 omnia
995 2841 1029 2904 in
1038 2843 1168 2910 Senecae

102 2948 309 3012 etatefalsam
320 2943 451 3010 tumidae
459 2943 691 3034 magnitudinis
703 2944 876 3034 imaginem
885 2967 1094 3035 usurparent,
1109 2975 1169 3015 cur

102 3075 157 3116 nou
168 3052 285 3116 solum
297 3051 382 3114 inter
390 3071 504 3114 omnes
513 3050 613 3113 animi
626 3049 762 3114 affectus
776 3051 962 3138 superbiam
976 3069 1009 3116 et
1021 3054 1165 3120 furorem

102 3175 175 3224 anet
184 3157 407 3238 adumbrare,
420 3154 478 3220 sed
492 3155 588 3220 etiam
600 3157 853 3243 speciosissimos
864 3159 898 3220 in
911 3158 961 3222 his
974 3159 1169 3226 adumbran-

100 3265 142 3328 dis
159 3265 294 3330 color-es
315 3260 483 3342 adhibeat,
507 3261 598 3324 facile
622 3261 820 3350 intelligitur.
847 3261 987 3352 Tragicae
1008 3269 1169 3354 composi·

101 3371 186 3434 tionis
216 3367 429 3449 incuriosus,
459 3389 521 3429 nec
549 3367 720 3454 temperari
747 3388 806 3428 nec
833 3365 989 3454 gradatim
1016 3369 1169 3459 adaugeri

101 3477 190 3540 animi
207 3477 376 3563 impetum
396 3487 498 3536 curat.
516 3471 630 3536 Statim
646 3471 686 3534 ab
703 3470 815 3550 initio,
833 3487 871 3534 ut
887 3473 1046 3560 legentem
1065 3475 1170 3540 admi-

101 3583 215 3646 ratione
244 3579 404 3667 impleat,
436 3577 624 3653 contendit,
659 3593 691 3641 et
719 3574 792 3640 ideo
823 3578 954 3648 insanos
981 3579 1168 3668 impotentis

99 3687 280 3775 cupiditatis
301 3701 398 3748 aestus
415 3706 653 3772 nonnunquam
670 3683 704 3747 in
724 3682 893 3747 exordium
918 3683 1016 3750 ducit.
1040 3688 1168 3777 Ubique

98 3794 230 3856 maxima
248 3788 385 3855 dicendi
403 3812 541 3878 pompa,
561 3813 632 3878 quae
651 3789 777 3852 animos
794 3789 834 3853 ab
851 3789 1029 3856 intentione
1046 3795 1167 3860 remitti

21 3957 22 3960 ,
99 3921 158 3961 non
177 3899 322 3986 patitur;
344 3894 426 3958 elata
445 3894 576 3982 quidem
597 3910 629 3958 et
649 3893 797 3983 grandis,
816 3893 872 3958 sed
889 3917 960 3983 quae
975 3898 1167 3988 plerumque

97 4005 126 4065 in
139 4005 274 4068 inanem
289 4001 466 4090 quemdam
478 4017 715 4094 ventosumque
727 4019 889 4066 tumorem
899 4002 1040 4068 excedat·
1057 4007 1166 4072 Unum

96 4127 139 4172 est
157 4112 319 4188 fortasse,
338 4105 430 4195 quod
450 4130 509 4170 nos
530 4108 658 4172 Senecae
677 4130 774 4195 opera
795 4106 949 4190 doceant,
971 4132 1088 4199 nempe
1105 4137 1167 4201 qua
