3090 5142
335 487 430 580 xlviij
631 489 694 556 DE
718 487 888 558 ANNAEO
914 489 1086 558 SENECA

335 612 445 699 potuit
466 607 626 674 dubitatio
653 607 694 672 de
721 631 838 673 aarum
861 625 1004 675 auctore.
1033 609 1161 673 Inventi
1188 625 1296 673 autem
1323 599 1402 674 sunt

335 733 463 803 postea,
480 732 518 778 ut
533 714 642 795 aiunt,
657 714 730 778 libri
747 714 878 803 quidam
895 715 1024 803 scripti,
1040 715 1073 777 in
1089 714 1209 801 quibus
1224 736 1284 804 pro
1298 714 1401 780 Lucio

335 823 381 888 M.
398 825 485 887 Ann.
499 821 620 884 Seneca
633 837 748 884 auctor
760 819 933 902 diceretur,
946 819 1054 908 quod,
1068 821 1213 908 quamvis
1223 833 1263 884 ex
1277 820 1402 884 incuria

333 928 539 992 librariorum
558 927 648 991 facile
664 926 800 1015 intelligi
818 942 945 1014 posset,
965 943 1072 990 tamen
1092 925 1295 990 occasionem
1311 924 1404 988 dedit

335 1034 443 1098 multis
472 1030 640 1096 exercendi
667 1032 789 1120 ingenii
820 1033 894 1112 sui,
926 1054 991 1096 non
1021 1030 1154 1119 quidem
1184 1033 1247 1114 sic,
1277 1047 1315 1094 ut
1335 1032 1402 1112 jam

335 1155 532 1227 quererent,
563 1154 675 1202 utrum
704 1161 811 1202 omnes
835 1138 896 1201 illae
930 1136 1090 1226 tragoediae
1118 1137 1219 1201 Lucio
1246 1136 1399 1216 Senecae,

334 1245 504 1309 notissimo
525 1244 721 1332 philosopho
744 1242 871 1324 Stoico,
898 1265 940 1306 an
968 1243 1079 1306 Marco
1104 1241 1199 1306 alicui
1222 1241 1404 1306 tribuendae

334 1349 417 1429 sint,
436 1347 510 1428 sed,
525 1369 618 1412 more
630 1347 732 1412 doctis
747 1348 824 1412 viris
841 1348 936 1436 plane
951 1345 1105 1437 indigno,
1123 1364 1279 1435 tanquam
1297 1344 1404 1410 media

334 1455 384 1518 via
402 1455 601 1544 processuri,
625 1477 740 1542 parurn
763 1453 873 1518 critice
894 1453 961 1518 illas
980 1453 1091 1516 Marco
1113 1468 1146 1516 et
1163 1453 1263 1516 Lucio
1279 1450 1403 1516 divide-

333 1571 426 1638 rent,
460 1569 627 1645 assumpto
659 1554 851 1644 plerumque
886 1555 921 1628 iu
952 1555 1037 1619 hanc
1068 1554 1255 1619 societatem
1288 1553 1403 1627 tertio,

334 1661 473 1726 Octaviae
498 1677 639 1726 auctore.
658 1663 727 1724 Jam
752 1662 849 1751 igitur
872 1659 914 1726 ad
936 1661 1251 1748 sensumcujusque
1272 1658 1404 1724 lectoris

333 1769 465 1832 remissa
481 1785 548 1832 erat
561 1767 668 1832 omnis
682 1767 733 1830 illa
748 1768 883 1855 quaestio
899 1766 940 1832 de
949 1767 1131 1832 fabularum
1144 1768 1278 1858 istarum
1292 1781 1405 1828 aucto-

336 1873 444 1955 ribus,
460 1895 522 1938 nec
542 1873 703 1940 historicis
719 1874 932 1963 argumentis,
954 1873 1010 1938 sed
1028 1873 1131 1937 libem
1145 1871 1269 1951 judicio
1287 1893 1348 1934 suo
1370 1871 1404 1933 in

337 1977 397 2043 bac
422 1998 517 2042 causa
533 1999 645 2042 omnes
666 1977 854 2042 utebantur.
877 1978 915 2042 In
942 1977 1009 2058 bis,
1026 1978 1052 2040 si
1073 1977 1129 2065 qui
1145 1975 1405 2040 declamatorium

339 2082 494 2172 quiddam
518 2083 640 2147 sivein
666 2083 744 2164 hac,
768 2105 826 2148 seu
849 2084 883 2146 in
909 2083 962 2147 illa
985 2081 1137 2171 tragoedia
1163 2083 1319 2170 reperisse
1343 2082 1406 2146 sibi

336 2189 534 2271 viderentur,
549 2212 618 2254 eam
629 2189 741 2254 Marco
757 2188 901 2271 Senecae,
917 2191 1047 2280 egregio
1061 2189 1273 2254 declamatori
1288 2188 1407 2254 tribue·

338 2295 432 2368 baut,
452 2294 527 2358 alias
543 2317 640 2377 vero,
657 2295 691 2357 in
710 2294 830 2382 quibus
851 2317 947 2360 voces
971 2295 1078 2360 stoicae
1100 2317 1184 2383 saepe
1206 2294 1407 2376 audirentur,

337 2424 355 2465 a
381 2401 480 2464 Lucio
499 2399 694 2490 philosopho
717 2400 915 2489 repetebant.
942 2402 1008 2490 Ipsi
1031 2401 1127 2465 etiam
1150 2401 1262 2465 Justus
1280 2400 1406 2488 Lipsius

339 2524 372 2571 et
387 2507 470 2570 Dan.
487 2506 657 2586 Heinsius,
674 2528 755 2593 quos
770 2529 836 2595 prae
849 2506 971 2571 caeteris
984 2507 1038 2570 hic
1054 2507 1238 2571 nominasse
1253 2505 1408 2587 sufficiat,

341 2626 373 2674 et
387 2632 406 2674 a
421 2603 570 2698 Scaligeri
587 2610 745 2674 sententia
763 2608 855 2674 valde
869 2610 1046 2693 recedunt,
1063 2627 1095 2675 et
1114 2611 1199 2676 inter
1218 2632 1252 2675 se
1271 2611 1410 2675 maxime

341 2714 552 2795 dissentiunt,
577 2715 672 2777 utin
695 2713 900 2779 recensendis
927 2716 1062 2806 singulis
1085 2714 1244 2806 tragoediis
1269 2715 1411 2781 breviter

342 2821 507 2886 adnotavit
521 2820 705 2902 Ernestius,
720 2822 800 2886 Bibl.
822 2821 877 2886 lat.
894 2837 974 2889 torn.
990 2824 1040 2904 11,
1059 2846 1090 2911 p.
1111 2823 1168 2887 131
1186 2845 1255 2910 sqq.
1275 2822 1305 2885 Si
1329 2822 1411 2911 quid

342 2933 451 2992 autem
461 2924 569 2990 ¹valent
579 2929 716 2990 rationes
729 2927 888 2992 historicae
894 2975 905 3008 ,
919 2944 1005 2992 certe
1018 2932 1128 2991 earum
1139 2929 1187 2990 vis
1200 2949 1240 2991 eo
1253 2927 1411 3014 pertinet,

345 3049 383 3096 ut
400 3032 436 3095 L.
444 3032 602 3094 Annaeum
613 3031 785 3108 Senecam,
803 3047 860 3096 aut
875 3033 1011 3097 omnino
1027 3032 1131 3097 nullas
1147 3032 1313 3122 tragtedias
1329 3033 1411 3097 scri-

344 3140 444 3225 psisse
466 3135 629 3218 dicamus,
652 3153 710 3200 aut
734 3159 868 3219 omnes,
896 3139 1014 3226 quibus
1039 3138 1125 3202 idern
1144 3139 1247 3202 unius
1269 3139 1413 3202 auctoris

346 3266 468 3308 nornen
481 3243 516 3306 in
530 3241 643 3307 iisdem
660 3241 826 3306 codicibus
843 3243 1035 3332 inscriptum
1050 3261 1107 3308 est.
1117 3243 1296 3308 'Videamus
1312 3245 1414 3332 igitur

347 3349 399 3414 illa
412 3349 593 3414 testimonia
606 3364 771 3429 veterum,
786 3349 906 3437 quibus
919 3351 1111 3415 alterutrum
1123 3348 1208 3413 effici
1219 3350 1336 3438 possit,
1350 3349 1413 3414 hac

347 3453 417 3543 lege
434 3452 622 3547 proposita,
648 3477 690 3516 ne
718 3453 789 3540 quis
818 3453 935 3519 deinde
959 3454 1132 3518 liberaliter
1157 3470 1246 3543 agat,
1271 3469 1317 3536 et,
1340 3477 1414 3542 quae
1452 3459 1461 3468 ‘

350 3559 447 3624 unius
462 3573 539 3621 sunt
556 3572 675 3645 poetae,
693 3554 825 3622 dirersis
843 3557 1030 3622 auctoribus
1047 3556 1228 3622 distribuat.

394 3663 432 3725 ln
450 3661 644 3726 membranis
661 3661 874 3749 quibusdam,
892 3678 930 3725 ut
946 3661 1103 3743 diximus,
1121 3685 1182 3750 pro
1200 3665 1234 3728 L.
1254 3665 1416 3752 reperitur

349 3767 514 3832 interdum
530 3791 651 3831 nornen
673 3767 717 3830 M.
741 3789 811 3856 quae
828 3767 941 3850 lectio,
964 3768 1021 3831 etsi
1038 3769 1305 3856 paucissimorum
1324 3770 1416 3834 codi-

350 3897 424 3938 cum
439 3874 495 3954 sit,
508 3890 634 3954 tamen,
651 3890 690 3936 ut
703 3871 875 3954 difficilior,
890 3873 1086 3960 praefercnda
1098 3895 1166 3936 esse
1179 3873 1315 3938 ridetur.
1329 3875 1362 3938 N
1362 3899 1415 3938 am

351 3981 384 4042 L.
400 3981 540 4042 Annaeus
555 3978 690 4060 Seneca,
702 3978 918 4066 philosophus
930 3994 962 4041 et
973 3995 1151 4066 praeceptor
1161 3979 1315 4060 Neronis,
1326 3979 1416 4046 haud

351 4085 449 4148 dubie
469 4084 545 4171 ipsis
563 4084 698 4148 librariis
722 4085 797 4148 satis
821 4101 918 4148 notus
937 4101 1012 4147 erat.
1039 4085 1149 4150 Marco
1170 4101 1278 4149 autem
1296 4087 1418 4150 seniori
