3090 5142
477 453 781 528 DISSERTATIO.
1032 463 1162 560 lxxxvij

98 594 174 636 cum
190 573 365 662 proponit,
382 595 481 662 quom
500 578 602 642 multa
614 579 788 668 Thyestem
800 580 945 668 Mycenis
958 587 1073 672 procui
1089 590 1167 651 reti·

99 699 173 740 nere
190 677 387 744 debuerint?

139 783 238 848 Venit
255 785 394 868 Atreus,
413 801 462 868 et,
481 787 552 853 riso
569 788 728 877 Thyeste,
750 793 875 856 nefario
892 792 1012 882 gaudio
1030 797 1167 884 perfun-

97 885 612 978 dimr.Sed,priusqusmfietrem
622 895 935 962 salutetetinstituto
945 917 1167 989 persequatur,

99 1015 163 1056 non
179 1009 287 1082 potest
298 995 380 1083 quin
392 998 642 1063 armuoseuimi
658 1003 945 1092 sensusproierotr
1172 1019 1179 1030 ’

235 1261 289 1314 Vix
301 1273 424 1334 tempero
433 1261 539 1326 ummo,
548 1262 597 1320 vix
612 1259 690 1317 dolor
703 1265 792 1319 frenos
803 1267 881 1340 cepit.

234 1341 279 1396 sic
291 1361 376 1416 quum
390 1343 460 1398 iores
471 1345 596 1417 vestigat,
610 1357 636 1399 et
647 1345 727 1419 longo
736 1366 816 1421 sagax

234 1435 307 1486 Loro
319 1445 425 1488 tenetur
434 1433 544 1498 Umber,
555 1453 587 1488 ac
596 1453 687 1506 presso
697 1437 755 1490 rios

231 1522 373 1576 &metm
382 1540 446 1586 oret
458 1520 526 1576 dnn
539 1522 632 1594 procu
648 1523 722 1578 iente
732 1541 807 1579 tuem

231 1607 324 1662 Odore
334 1609 412 1666 sentit
421 1647 430 1676 ,
442 1622 533 1682 paret,
548 1621 575 1664 et
591 1610 673 1666 tacito
685 1611 775 1668 iocum

231 1699 326 1752 Rostro
334 1711 471 1771 perornan
485 1699 577 1773 prede
587 1717 673 1774 φιιιιιι
683 1699 793 1773 propior
806 1699 868 1766 tuit,

231 1785 344 1840 Cervice
354 1799 410 1842 rou
423 1799 541 1862 pugnat,
555 1800 581 1869 et
598 1787 698 1862 gemitu
712 1799 790 1841 vocet

230 1876 379 1930 Dominum
392 1886 557 1941 morantem,
571 1895 652 1949 seque
663 1877 787 1931 retinenti
798 1877 886 1951 eripit.

98 2119 229 2190 Pulchra
247 2147 328 2194 saue
347 2125 416 2188 haec
433 2139 465 2190 et
481 2120 649 2212 splendido
669 2121 835 2188 ridebitur
849 2124 973 2216 imago,
997 2125 1024 2192 si
1040 2127 1160 2196 oblitus

98 2232 206 2314 inens,
221 2230 295 2319 quis
312 2246 346 2295 et
359 2228 477 2317 quibus
491 2229 525 2292 in
539 2228 638 2293 rebus
649 2249 720 2292 eom
734 2226 896 2294 adhibeat.

134 2341 157 2402 F
157 2338 295 2403 raternis
310 2336 473 2402 blanditiis
486 2333 647 2423 decipitur
657 2335 832 2423 Thyestes,
849 2352 882 2400 et
894 2335 963 2416 ejus
977 2355 1158 2406 mactentur

97 2443 186 2508 liberi.
200 2443 391 2507 Neri-stura
405 2440 523 2504 nuntio
535 2439 654 2522 caedes,
669 2438 822 2506 audiente
835 2441 948 2506 choro.
966 2442 1010 2508 Ee
1025 2445 1157 2534 quidem

96 2551 133 2613 sic
147 2564 333 2629 narrantur,
349 2563 388 2611 ut
401 2547 554 2635 pleraque
572 2543 781 2610 formidinem
800 2545 973 2635 quemdem
990 2565 1024 2616 et
1039 2551 1157 2616 horro-

95 2677 153 2719 rem
163 2654 283 2718 animis
292 2653 453 2733 injicient3
469 2649 525 2716 sed
535 2652 702 2740 potentius
710 2651 853 2741 legentes
864 2645 1158 2738 commoverentur,

92 2763 114 2826 si
122 2777 216 2850 poete
228 2759 339 2824 minus
356 2758 417 2823 sibi
429 2757 627 2839 indulsisset,
641 2773 675 2822 et
689 2757 825 2822 modum
839 2758 873 2823 iu
890 2759 1025 2849 singuiis
1042 2760 1157 2826 edum·

92 2865 214 2933 brandis
235 2883 402 2932 servasset.
422 2863 571 2954 Cupidus
592 2862 747 2930 audiendi
765 2865 892 2930 sceleris
912 2867 1049 2950 chorus,
1066 2869 1156 2956 quod

91 2975 224 3038 immone
247 2989 281 3038 et
304 2971 487 3038 inauditum
514 2969 662 3060 praedixit
686 2971 840 3054 nuntius,
859 2971 1028 3040 enarrandi
1049 2995 1156 3040 morus

90 3081 272 3168 increpitat,
288 3076 392 3166 effare
407 3080 510 3159 ocius,
533 3077 653 3164 inquit.
676 3077 838 3160 Nuntius,
858 3100 960 3166 quum
976 3078 1067 3166 pensi
1086 3101 1152 3144 non

90 3185 198 3249 habeat
219 3181 392 3274 quidese
414 3199 559 3274 petatur,
580 3181 694 3271 incipit
716 3181 757 3247 de
777 3183 905 3272 Pelopis
928 3181 1028 3248 domo
1052 3185 1155 3250 multe

89 3289 389 3367 commemorando,
410 3313 482 3378 qum
500 3283 736 3352 nihilomnino
757 3311 880 3352 uorum
904 3287 1072 3356 audientes
1092 3289 1153 3356 do·

87 3413 195 3480 count,
211 3397 360 3485 Mycenis
377 3411 479 3460 natos.
494 3395 577 3460 Dein
592 3395 707 3482 ingens
722 3391 916 3458 describitur
930 3394 1093 3482 porticus,
1110 3391 1156 3461 ne'

88 3503 208 3567 omissis
224 3501 359 3590 quidem
375 3503 469 3566 variis
489 3523 742 3566 marmorearum
759 3497 985 3564 columnarum
1000 3503 1152 3584 maeuiis3

89 3629 158 3671 mox
168 3625 303 3698 vagetur
318 3606 460 3672 narratio
476 3606 509 3670 in
528 3603 734 3695 depingendo
748 3626 900 3687 nemore,
918 3605 970 3668 vix
984 3606 1151 3672 sufficiunt

87 3714 292 3804 quadraginta
304 3735 435 3796 versus,
452 3735 554 3801 quum
569 3713 717 3777 omnium
730 3711 903 3792 arborum,
920 3727 951 3774 et
967 3712 1064 3802 longa
1079 3715 1152 3802 qui·

86 3819 174 3902 dem,
191 3817 313 3884 incidat
329 3819 452 3884 mentio
464 3817 522 3906 (1).
540 3818 620 3884 Post
637 3833 757 3882 tantam
777 3815 900 3883 exordii
919 3815 1148 3900 diffusionem,

118 4071 153 4128 (ι)
172 4065 282 4120 Videtur
298 4065 425 4120 Horatius
438 4067 472 4120 od
487 4067 597 4121 similem
616 4077 660 4120 sut
672 4066 805 4132 nemoris,
821 4075 867 4118 tut
880 4083 933 4119 are
943 4063 1149 4136 descriptionem
