3070 5158
106 594 1174 633 mmmmmmmebmmmmwummmmmmmvum

510 801 777 929 NOTAE

338 1037 401 1123 tu
438 1005 943 1122 supununuuvnn.

505 1233 508 1242 .
518 1219 791 1249 mmo—-

158 1397 183 1434 ι.
197 1377 274 1434 Nulla
283 1378 418 1441 concussis,
431 1388 482 1430 etc.
494 1367 544 1428 Hic
556 1393 572 1427 a
584 1368 711 1428 Chiiellio
725 1373 847 1430 adtentus
856 1369 1001 1430 Thebaidis
1011 1377 1053 1432 vel
1064 1377 1183 1436 Phoenia·

112 1478 204 1513 sarum
214 1457 292 1512 initio
303 1455 401 1511 chorus
416 1449 480 1526 (qno
495 1453 599 1525 primns
614 1466 687 1508 nctus
698 1455 726 1506 in
740 1473 815 1509 suam
828 1455 976 1509 restituitur
990 1457 1180 1529 integritatem,

114 1551 146 1592 nt
158 1557 190 1592 ex
203 1538 289 1591 torma
300 1548 327 1590 et
340 1531 518 1606 amplitudine
531 1532 672 1604 cujuslibet
683 1534 710 1586 in
725 1533 824 1586 Nostro
838 1535 918 1607 primi
931 1548 1005 1589 nctus
1017 1536 1092 1592 iaeile
1106 1542 1181 1594 colli-

114 1613 213 1689 gitur),
221 1618 255 1670 ab
267 1615 411 1687 angoribus
419 1613 537 1666 animum
548 1611 650 1683 OEdipi
661 1614 845 1668 exercentibus
853 1613 926 1666 haud
934 1615 1077 1670 infeliciter
1087 1617 1182 1674 ductus

116 1710 175 1750 est:
190 1715 251 1768 pars
262 1695 335 1753 enim
351 1693 437 1765 prima
450 1691 582 1746 Annaenni
596 1691 684 1762 operis
698 1703 754 1745 tota
767 1693 795 1745 in
807 1691 850 1746 his
864 1694 1043 1766 exprimendis
1053 1711 1183 1754 versatur.

116 1777 181 1830 Non
192 1773 284 1829 eadem
295 1771 477 1828 constituendi
485 1770 561 1826 chori
569 1771 679 1824 materia
686 1771 811 1844 Euripidi
820 1775 992 1844 suppetebat,
1003 1776 1086 1848 quiin
1098 1778 1184 1850 prima

115 1867 226 1910 'suarum
239 1853 434 1908 Phoenissarum
443 1865 520 1923 parte
532 1851 651 1923 querelas
664 1861 768 1904 tantum
780 1852 906 1918 incestu,
919 1851 953 1906 de
965 1851 1040 1908 malis
1052 1867 1107 1910 tum
1119 1875 1185 1929 pru-

117 1933 203 1990 teritis
209 1973 218 2000 ,
234 1947 292 1987 tuna
313 1925 530 1998 imminentibus,
547 1930 718 1995 exhibuerat,
738 1947 894 2004 scenamque
911 1931 983 1986 illam
1004 1935 1185 2002 notissimam,

117 2033 151 2069 ex
164 2013 283 2067 Homero
291 2005 495 2075 adumbratam,
507 2023 533 2064 et
544 2007 681 2081 Torquato
691 2009 772 2063 Tasso
782 2022 875 2082 postea
887 2013 1023 2084 Statioqne
1036 2017 1186 2071 imitatione

118 2111 284 2165 expressam,
293 2110 345 2164 qua
356 2087 521 2162 singulorum
531 2088 631 2143 ducum
642 2089 751 2142 nomina
761 2108 776 2143 a
785 2108 847 2143 sene
858 2093 952 2161 quaerit
964 2093 1104 2166 Antigone.
1116 2096 1190 2150 cho·
1275 2091 1277 2098 ’

117 2189 167 2228 rus
180 2167 261 2244 igitur
271 2183 310 2226 est
323 2168 395 2244 apud
404 2171 532 2225 'Graecum
542 2181 649 2240 poetam
664 2169 808 2239 mulierum
822 2171 1034 2238 Phoeuiciamm,
1047 2177 1185 2245 quierint,

119 2253 165 2307 oui
181 2253 236 2306 into
253 2250 436 2316 destinentur,
450 2263 475 2304 et
488 2267 542 2321 qno
556 2249 585 2302 in
600 2249 653 2302 hoc
666 2267 800 2303 armorum
814 2252 929 2304 tumultu
948 2251 1101 2323 quatiantur
1114 2269 1187 2309 metu

119 2330 322 2387 declarantium.
339 2329 478 2384 Chiiellius
491 2329 541 2383 alia
555 2329 643 2400 potnit
660 2329 773 2401 eligere,
788 2348 842 2382 non
857 2331 943 2383 solum
962 2329 1036 2402 qnod
1050 2333 1078 2385 in
1092 2335 1188 2402 aliam,

119 2425 153 2466 ut
163 2409 246 2466 modo
257 2407 329 2478 dixi,
340 2409 477 2463 constituti
489 2421 562 2463 actius
575 2408 705 2462 rationem
716 2407 862 2473 inciderat,
876 2409 923 2464 sed
936 2411 1016 2465 etiam
1027 2413 1090 2483 quia
1102 2411 1189 2466 neuti-

121 2511 207 2566 quam
225 2508 330 2544 nccesse
354 2489 405 2542 tuit
423 2488 545 2542 arbitrari
559 2489 595 2542 ita
610 2487 746 2558 Euripidis
757 2481 870 2542 inventa*
879 2489 1008 2543 Nostrum
1025 2489 1053 2543 in
1068 2493 1142 2546 omni
1159 2511 1190 2546 re

121 2583 260 2637 secutum,
272 2582 303 2623 ut
314 2569 502 2623 existimaverit
517 2567 648 2640 tragodiu
661 2567 773 2621 chorum
785 2569 892 2621 nonnisi
903 2587 919 2621 a
929 2568 1071 2624 Phoeniciis
1083 2571 1190 2626 feminis

120 2651 167 2724 agi
179 2643 285 2704 dehere.
303 2648 368 2702 vid.
382 2648 524 2702 Animadv.
540 2666 601 2718 pag.
619 2652 694 2710 441,
708 2659 764 2701 not.
780 2645 814 2700 ad
827 2645 902 2699 verb.
920 2649 1059 2702 Plsoenusoe.
1073 2648 1191 2705 Gallicus

122 2743 211 2796 vates,
225 2730 316 2782 Robert
325 2729 445 2790 Gamier,
459 2727 546 2798 quiin
557 2723 699 2795 tragedia,
711 2742 770 2796 quse
786 2725 941 2778 inscribitur
951 2727 1091 2798 Antigone,
1108 2732 1192 2785 multa

122 2812 267 2864 Amorne
280 2799 412 2879 tragediae
423 2805 574 2875 assumpsit,
588 2816 614 2856 et
628 2804 748 2874 primum
761 2812 850 2856 actum
862 2803 936 2857 fideli
950 2807 1116 2876 potissimum
1131 2811 1194 2864 inti·

124 2889 228 2943 tatione
244 2887 361 2951 effinxit,
374 2885 486 2938 chorum
497 2901 552 2936 nou
564 2881 722 2946 Phoenissis,
738 2881 785 2935 sed
797 2883 931 2946 Thebanis
946 2885 1054 2953 tribuit,
1068 2889 1113 2959 qni
1127 2889 1193 2944 Bac·

123 2967 207 3023 chum
221 2985 272 3039 pro
284 2961 480 3022 reconcilianda
494 2962 565 3016 inter
577 2961 672 3015 iratres
685 2961 769 3034 gratia
784 2963 909 3034 precibus
922 2963 1105 3020 obtestantur:

377 3083 401 3131 Ο
412 3081 483 3145 pire,
497 3093 545 3144 qne
557 3093 602 3143 par
612 3091 683 3126 nonas
696 3076 777 3126 divers

375 3163 436 3212 b'nn
448 3163 556 3226 inchuc
569 3175 613 3225 par
625 3159 751 3222 l'nnivers,

375 3244 498 3304 Nomine,
510 3234 612 3304 livente,
624 3244 735 3308 Agnicm

377 3330 523 3393 Βιιιιιόιιι,
534 3317 666 3389 horrica,

377 3416 502 3477 Tonjonrs
513 3413 574 3461 orni
586 3411 617 3460 de
630 3425 743 3476 psmpves
753 3422 834 3475 verte,

376 3498 427 3562 Qui
436 3497 515 3562 parmi
524 3497 547 3545 la
556 3495 643 3544 fondis
654 3496 764 3560 nmquis,

378 3583 410 3630 Et
423 3580 514 3630 dedans
525 3579 549 3628 la
563 3583 641 3628 coisse
652 3578 740 3645 vdqnis

379 3667 417 3714 Dc
432 3667 593 3731 lupicenus.
602 3675 649 3714 ete.

132 3797 181 3852 ilie
201 3795 324 3850 versibus
341 3795 418 3850 facile
436 3795 615 3868 intelligetur,
636 3813 684 3849 cur
704 3791 738 3848 de
763 3792 971 3850 celebratissima
996 3792 1132 3868 quondam
1155 3801 1203 3854 illo

131 3889 215 3948 poeta
229 3895 285 3930 non
304 3876 400 3948 asapius
418 3876 584 3930 mentionem
600 3875 724 3938 iecerint,
738 3874 873 3945 quamvis,
891 3888 921 3928 ut
940 3876 1046 3930 Senecae
1065 3879 1203 3948 ingenium

133 3954 260 4010 redderet
270 3969 296 4009 et
305 3969 521 4026 representaret,
532 3955 560 4008 in
576 3955 670 4027 primis
679 3955 755 4008 enixe
767 3954 949 4022 contenderim
963 3969 989 4009 et
1001 3957 1024 4010 is
1035 3957 1116 4012 inerit
1124 3979 1204 4032 quem

134 4036 261 4108 AEschyln
274 4049 302 4090 et
320 4035 447 4108 Sophocli
461 4048 488 4090 et
502 4035 625 4108 Euripidi
638 4047 798 4107 anteponere
812 4035 900 4106 magni
917 4037 975 4106 ejus
989 4037 1071 4092 aetatis
1081 4039 1134 4092 viri
1151 4059 1206 4092 nou

134 4115 324 4170 dubitaverint.

221 4227 250 4290 I.
1055 4223 1097 4293 31
