3118 5138
580 557 617 623 L.
646 553 825 622 ANNAEI
852 554 1069 624 SENECAE

349 691 561 782 Locumque,
577 684 656 756 caelo
678 684 793 780 pulsa,
809 682 980 779 pellicibus
1000 685 1084 754 dedi.

347 793 457 864 Tellus
475 791 613 864 colendo
631 807 701 876 est,
719 789 851 885 pellices
870 789 987 860 caelurri
1008 805 1130 860 tenent.
1344 833 1355 869 s

347 903 434 968 Hinc
452 901 570 968 Arctos
587 897 653 966 alta
669 911 762 992 parte
784 881 928 990 glacialis
946 894 1014 990 poli

346 1004 495 1076 Sublime
517 1003 635 1074 classes
652 1003 741 1072 sidus
757 999 927 1096 Argolicas
944 1004 1034 1096 agit:

347 1114 453 1198 Hinc,
471 1135 535 1204 qua
557 1111 681 1204 tepenti
698 1131 776 1176 vere
792 1106 920 1176 laxatur
937 1107 1022 1194 dies,

346 1219 451 1310 Tyrias
469 1241 529 1311 per
546 1215 651 1285 undas
668 1229 783 1284 vector
802 1215 943 1308 Europae
961 1214 1063 1283 nitet:

294 1400 802 1476 ret,templumouncupabantesedhoo
846 1400 951 1453 triousli
975 1402 1036 1473 polo
1059 1401 1158 1454 innixa.
1176 1401 1280 1464 Altera,
1296 1419 1356 1473 quae

295 1484 372 1536 certis
388 1482 531 1556 presertim
549 1482 613 1536 locis
627 1499 723 1534 nomen
737 1481 802 1534 assi·
846 1479 945 1533 Calisto
953 1481 1033 1534 fuisse
1044 1480 1137 1544 lerum,
1146 1479 1244 1534 dicitur
1251 1493 1277 1536 et
1286 1481 1356 1535 Ursa

295 1563 427 1632 guabant,
441 1579 501 1634 quoe
510 1580 612 1633 augur,
629 1560 663 1614 ad
675 1557 803 1631 capienda
846 1561 951 1631 major,
965 1559 1115 1613 Plaustrum
1133 1560 1174 1613 vel
1188 1561 1287 1614 Currus
1301 1581 1358 1614 ms-

294 1662 326 1694 ex
333 1644 424 1696 avium
432 1641 523 1694 volatu
532 1639 802 1711 auguriamotuverst,
845 1637 904 1708 jor,
925 1637 1035 1703 Helice;
1053 1636 1151 1701 altera,
1169 1639 1237 1692 Ursa
1252 1641 1355 1703 minor,

294 1733 320 1772 ct
333 1721 398 1772 lituo
406 1718 577 1782 definiverat,
587 1729 613 1771 et
620 1717 729 1790 proprio
740 1736 803 1770 eon-
847 1716 948 1768 Currus
955 1717 1210 1790 minor,Cynosura.
1218 1719 1289 1770 Arcti
1296 1718 1358 1772 dore

295 1812 441 1855 serraverat
453 1797 589 1862 carmine3
608 1797 732 1869 quoniam
746 1796 804 1850 haec
847 1796 915 1850 circa
923 1797 1016 1868 polum
1024 1808 1162 1852 vertuntur
1171 1817 1271 1870 semper
1279 1799 1356 1852 nobis

295 1880 459 1952 eligebantur
469 1877 526 1932 loca
535 1914 544 1941 ,
554 1877 626 1930 unde
635 1877 703 1930 liber
711 1877 740 1928 in
749 1895 804 1928 orn·
847 1876 1019 1946 conspicuum
1029 1915 1036 1941 ,
1051 1888 1077 1929 et
1090 1875 1151 1930 ideo
1161 1896 1297 1948 nunquam
1312 1898 1358 1931 oc-

216 1987 220 1994 ·
296 1977 343 2012 nes
364 1959 421 2013 creli
442 1969 531 2030 partes
553 1967 620 2010 esset
639 1967 801 2027 prospectus.
847 1953 1276 2028 ciderevidentnrzquaerespoetis
1283 1955 1356 2010 dedit

296 2039 404 2100 Livius,
420 2039 449 2100 1,
463 2055 478 2106 7
492 2053 498 2088 ε
513 2040 653 2089 Palatinum
673 2039 802 2096 Romulus,
846 2031 935 2086 locum
948 2033 1100 2098 tabulandi,
1113 2036 1260 2104 lunonem,
1271 2055 1355 2108 quum

296 2121 547 2175 Aventinumltemm,
561 2119 598 2166 ad
604 2117 801 2184 inaugurandum
847 2109 1357 2184 vidissetpellicessuasincoelumluisse

298 2200 386 2264 templa
402 2199 511 2263 capiunt.
525 2195 588 2246 Mox
603 2194 673 2246 idem
689 2194 803 2262 vocabu·
847 2191 1006 2254 translatas,
1032 2193 1183 2264 impetrasse
1213 2197 1247 2248 als
1273 2215 1357 2248 uxore

296 2278 368 2340 lum,
386 2273 420 2326 de
439 2272 532 2326 dicatis
550 2273 584 2325 ud
604 2273 804 2344 augurationem
847 2269 968 2338 (hoeni,
988 2273 1092 2326 nutrice
1107 2293 1170 2338 sus,
1183 2295 1216 2328 ne
1238 2294 1354 2348 unquam

297 2354 378 2418 locis,
401 2353 436 2406 ad
459 2352 546 2406 omnia
569 2363 721 2406 consecrata
746 2351 803 2404 loca
846 2350 959 2422 injaquis
972 2351 1028 2423 ejus
1039 2353 1356 2426 tingerentur.Virgilius,

299 2433 453 2486 translatum
474 2443 529 2497 est,
546 2430 615 2484 sedes
631 2430 742 2484 deorum
757 2433 804 2500 (ut
848 2429 945 2501 Georg.
956 2430 1002 2482 lib.
1013 2431 1037 2497 I,
1053 2435 1103 2496 246
1115 2451 1122 2486 ε
1135 2435 1246 2486 «Arctos
1255 2435 1357 2487 Oceani

299 2512 376 2583 vulgo
389 2512 417 2564 in
431 2512 518 2564 latinis
533 2511 734 2581 scriptoribus),
747 2528 803 2562 ros·
847 2520 995 2570 metuentes
1004 2527 1108 2582 equore
1118 2513 1193 2583 tingi.
1202 2537 1213 2558 ι

297 2603 338 2644 tra
350 2591 426 2659 (Liv.
439 2589 523 2653 VIII,
537 2599 578 2654 ¹4·
590 2591 683 2642 Cicero
696 2590 724 2642 in
733 2588 805 2643 Vati·
883 2607 910 2658 7.
923 2591 1176 2660 Classes...Argolicas
1184 2595 1244 2662 agit.
1255 2591 1357 2664 Nempe

299 2670 383 2734 nium,
401 2673 464 2740 so),
477 2668 537 2720 loca
549 2669 576 2720 in
588 2669 682 2741 quibus
695 2669 805 2722 Senatus
848 2663 900 2719 hoc
909 2666 1026 2738 inprimis
1034 2667 1357 2742 sidusnavigantesGraeci
1370 2737 1372 2742 Ι

300 2747 525 2814 habebatur-(Cic.
541 2767 590 2820 pro
605 2749 677 2801 dom.
692 2749 734 2802 51.
744 2747 802 2799 Liv.
848 2743 1032 2800 observabant.

301 2831 327 2893 l,
343 2830 395 2890 303
409 2827 515 2889 XXVI,
530 2832 560 2878 31
575 2839 601 2879 et
612 2829 672 2896 33).
684 2828 706 2880 Α
717 2827 806 2880 simili-
885 2825 911 2877 8.
929 2832 1045 2878 Lacutur
1057 2829 1117 2879 dies.
1133 2829 1192 2894 Qua
1208 2829 1316 2882 solvitur
1329 2844 1357 2883 et

300 2907 407 2969 tudine,
420 2905 454 2959 tle
473 2906 564 2958 inferis
587 2907 690 2975 (Varro
704 2906 721 2959 l.
735 2907 805 2974 VI),
849 2903 966 2956 mollitur
979 2925 1037 2970 aer,
1051 2907 1096 2978 qui
1113 2919 1187 2960 antes
1206 2909 1310 2962 strictus
1330 2922 1358 2962 et

301 2998 327 3039 et
335 2986 369 3040 de
377 2985 444 3038 mari
455 2984 549 3054 (Plaut.
558 2985 616 3038 Mil.
628 2999 678 3038 act.
686 2987 724 3050 II,
733 3005 804 3040 scen.
848 2983 950 3054 rigidus
960 2997 1024 3038 erut.
1034 2986 1099 3039 Stat.
1107 2987 1292 3054 silv.1V‚s‚v.
1308 3008 1355 3042 rs:

301 3062 468 3128 s‚v.s.1tud.
480 3065 589 3128 aeth,
601 3083 672 3118 scen.
686 3085 754 3130 aa.
763 3070 805 3135 4),
856 3063 934 3115 ‹Jam
953 3075 1049 3117 terreas
1066 3064 1253 3136 volucremque
1265 3067 1357 3138 polum

300 3157 330 3196 nt
339 3157 415 3198 antea
429 3144 463 3196 de
472 3143 551 3204 caelo,
564 3145 689 3216 templum
706 3144 806 3200 dictum
850 3139 912 3213 fuga
922 3141 988 3194 veris
999 3143 1091 3213 aquosi
1101 3144 1227 3197 Laxat...·
1238 3149 1295 3197 Dies
1306 3167 1358 3220 pro

298 3234 346 3276 est.
361 3223 438 3294 Apud
452 3223 557 3276 Lucret.
577 3228 690 3291 templum
707 3229 806 3289 mentis,
850 3239 931 3283 tere,
947 3241 962 3273 a
979 3225 1039 3284 Διὸς.
1053 3221 1157 3292 Jupiter
1169 3224 1223 3294 ipse
1233 3244 1359 3278 nonnun-

300 3321 348 3372 pro
362 3303 484 3355 interiore
495 3302 599 3367 animo,
616 3303 671 3370 (V,
684 3310 733 3367 104
744 3307 766 3372 ,)
775 3317 808 3368 ,et
850 3319 931 3372 quam
941 3319 989 3371 pro
999 3319 1059 3354 nere
1073 3301 1216 3372 accipitur,
1228 3315 1256 3354 ut
1266 3305 1293 3356 in
1304 3305 1359 3357 Ho-
1385 3343 1392 3352 .

284 3435 285 3444 ,
301 3384 511 3450 lingnoesndontia
528 3385 632 3449 templa,
644 3381 654 3448 (
662 3383 771 3445 mors
780 3387 807 3452 ),
851 3393 900 3432 rat.
911 3379 932 3440 I,
945 3379 988 3432 od.
1002 3401 1011 3431 r
1027 3397 1058 3431 :a
1072 3385 1160 3432 Manet
1173 3383 1223 3434 sub
1237 3383 1302 3434 Jove
1312 3385 1358 3437 fn·-

301 3477 350 3530 pro
359 3459 468 3512 humida
479 3459 574 3530 linguas
584 3459 661 3523 sede,
671 3463 795 3532 reperias.
850 3457 914 3529 gido
924 3459 1071 3512 Venator.»
1082 3460 1216 3512 Interdum
1228 3473 1253 3512 et
1260 3466 1305 3512 snb
1313 3467 1357 3514 dio

336 3547 363 3604 q.
375 3544 458 3591 Pulsa.
470 3539 530 3592 Non
540 3538 565 3590 vi
576 3551 622 3591 aut
632 3543 708 3612 jussu
718 3545 805 3614 qu'us·
849 3537 941 3590 eodem
962 3557 1040 3592 sensu
1058 3537 1162 3591 dieitur.
1180 3539 1242 3591 vid.
1260 3541 1356 3594 Horat.

300 3635 379 3688 quam
393 3617 505 3688 migrare
518 3629 622 3682 coacta,
636 3617 682 3670 sed
697 3620 752 3690 ipsa
766 3638 805 3672 re-
849 3617 892 3668 lib.
911 3617 952 3680 Π,
965 3617 1010 3669 orl.
1026 3616 1052 3670 3.

300 3715 361 3748 rum
374 3695 531 3766 indignitate.
883 3713 911 3762 9.
931 3702 1018 3746 Vector
1033 3701 1149 3763 Europa.
1166 3697 1287 3759 Taurus,
1305 3719 1358 3752 cae·

337 3778 466 3827 6.Arctos.
476 3775 588 3841 Calisto,
600 3775 803 3848 Lycaonisfilia,
849 3776 911 3827 leste
924 3775 1026 3844 signum
1043 3776 1110 3826 inter
1127 3775 1241 3828 Arietem
1260 3789 1287 3830 et
1304 3767 1360 3832 Ge*-

299 3853 362 3926 qnia
374 3854 477 3924 Jupiter
488 3873 549 3906 cum
560 3854 605 3908 illa
620 3869 804 3922 consueverat,
848 3858 947 3919 minos;
957 3877 1035 3929 quem
1047 3869 1129 3928 pootae
1137 3859 1290 3912 fabulantur
1301 3875 1359 3914 tou·

299 3951 315 3984 a
332 3934 435 3984 Junone
449 3932 473 3983 in
489 3936 592 4004 ἄρκτον,
605 3931 632 3984 id
645 3943 700 3998 est,
714 3951 803 3985 ursam
847 3953 907 3988 rum
923 3936 995 3988 illum
1008 3937 1102 4000 luisse,
1122 3939 1170 3988 sub
1183 3941 1257 4008 cujus
1269 3943 1359 4012 specie

299 4022 396 4063 mutata
409 4021 447 4062 est
458 4027 465 4060 :
481 4009 542 4063 dein
551 4012 653 4083 Jupiter
664 4011 736 4064 illam
750 4031 802 4063 una
848 4015 1089 4087 JupiterEuropnnr
1099 4017 1199 4088 rapuit,
1210 4029 1236 4070 et
1247 4019 1361 4072 exl’lroe·

297 4107 357 4142 cum
372 4087 426 4141 filio
436 4088 538 4140 Arcade
553 4091 579 4142 in
598 4091 689 4142 caelum
704 4093 799 4145 retulit.
846 4094 914 4147 nicia
938 4093 963 4146 in
987 4095 1091 4146 Cretam
1116 4096 1268 4150 transvexit.
1290 4097 1359 4152 Vid.

297 4168 397 4240 Duplex
409 4179 447 4220 est
458 4168 548 4221 Arctos
558 4207 566 4234 ,
576 4180 686 4239 utraque
698 4183 801 4242 septen·
846 4173 948 4226 Moscls.
965 4176 989 4224 ll
1001 4211 1007 4234 ,
1024 4190 1057 4240 79
1070 4186 1095 4225 et
1111 4193 1167 4246 sqq.
