3090 5142
357 586 442 656 lxxx
621 585 862 654 HISTORlCh
885 585 943 653 ET
968 585 1149 654 GRlTlCA

266 721 269 728 '
359 708 441 798 regis
460 719 645 794 peremptor
660 721 794 796 rogante
811 704 958 794 OEdipo,
977 703 1129 770 describit
1143 703 1250 770 Creon
1268 719 1301 769 et
1315 709 1425 772 emissi

357 813 479 877 oraculi
491 827 692 900 apparatum,
705 825 738 874 et
753 809 926 875 sacerdotis
941 810 1099 893 furorem,
1109 828 1143 875 et
1157 811 1258 874 multa
1273 811 1334 876 alia
1350 833 1424 900 quae

358 921 484 984 animos
498 939 580 982 vaaa
594 940 702 994 rerum
716 917 851 1006 ambage
864 932 978 981 tenent
991 933 1023 982 et
1032 918 1178 1007 fatigant.
1193 917 1338 982 Tandem
1351 942 1426 1007 quoe

357 1026 494 1106 subjecit
512 1022 628 1112 Pythia
650 1025 851 1106 referuntur,
869 1023 1169 1113 interpretationem
1189 1023 1312 1088 oraculi
1330 1024 1424 1104 adju·

354 1147 437 1196 tura.
462 1130 656 1218 Designatur
674 1128 809 1192 minime
834 1127 942 1192 dubiis
958 1129 1063 1192 verbis
1081 1127 1247 1216 OEdipus:
1263 1132 1425 1219 profugus

356 1253 389 1302 et
402 1238 520 1325 hospes
534 1235 731 1324 appellatur:
744 1232 865 1298 dicitur
877 1233 961 1323 regis
978 1233 1065 1298 caede
1081 1233 1211 1298 madere
1224 1251 1256 1299 et
1269 1235 1426 1324 conjugio

354 1341 496 1430 parentis
523 1340 634 1429 pollui.
654 1341 731 1404 Haec
759 1323 835 1403 sarie
860 1338 996 1403 ulterius
1027 1339 1127 1426 quaeri
1156 1339 1367 1426 prohibeant,
1391 1357 1425 1406 et

341 1446 541 1538 tragaediam
565 1444 727 1515 secundus
753 1462 843 1510 actus
868 1443 1012 1526 claudat,
1039 1444 1101 1508 nisi
1126 1461 1230 1532 poetar
1250 1446 1425 1534 placuisset

354 1553 577 1618 densissimam
592 1550 712 1640 OEdipi
725 1551 835 1616 animo
848 1551 1018 1640 caliginem
1032 1549 1214 1614 offundere.
1232 1550 1322 1632 Quid
1334 1552 1423 1616 enim

354 1659 408 1723 ille
426 1660 526 1749 magis
544 1656 672 1738 debuit,
690 1677 788 1744 quarn
803 1656 926 1745 Pythiae
943 1651 1042 1719 verba
1062 1677 1138 1719 cum
1160 1656 1310 1738 oraculo,
1330 1656 1423 1745 quod

276 1843 285 1866 ο
352 1766 423 1854 ipse
440 1763 540 1828 modo
559 1762 745 1842 minutatim
762 1747 1011 1842 memoraverat,
1029 1761 1252 1849 componere?

395 1873 437 1934 At
452 1871 635 1934 Annaeanus
656 1866 803 1956 OEdipus
819 1889 881 1932 nee
896 1865 1071 1948 sacerdotis
1088 1866 1204 1950 rerba,
1223 1869 1423 1932 nec'faetaur

352 1999 371 2040 a
385 1979 508 2040 Creone
521 1975 584 2039 loci
599 1972 862 2062 descriptionem,
871 1995 942 2061 -quo
955 1973 1143 2038 interfectus
1157 1989 1206 2037 est
1218 1973 1423 2057 laius,vide·

355 2099 409 2145 tur
434 2079 610 2145 attendere.
644 2081 796 2142 Attamen
826 2099 864 2141 ea
891 2077 1065 2167 descriptio
1094 2093 1182 2142 tanta
1210 2077 1425 2144 adumbratur

355 2210 448 2268 cura,
469 2203 513 2250 ut
528 2184 672 2274 potuerit
693 2184 800 2247 statim
824 2182 970 2272 OEdipus
993 2185 1051 2248 riae
1071 2185 1256 2248 meminisse
1277 2186 1424 2274 Delphos

356 2291 520 2373 ducentis,
546 2313 610 2379 qua
632 2311 742 2354 senem
767 2290 845 2353 olim
871 2289 1042 2354 occiderat.
1071 2292 1148 2373 Quo
1170 2290 1301 2355 demum
1325 2297 1423 2379 pacto

356 2398 421 2460 hoc
433 2396 591 2484 explicari,
603 2412 659 2459 aut
671 2395 815 2458 excusari
827 2411 935 2482 queat,
943 2395 1005 2459 nisi
1020 2395 1055 2458 in
1069 2394 1246 2460 scribendis
1260 2396 1423 2486 tragoediis

355 2518 458 2566 semet
468 2522 596 2589 semper
604 2500 728 2589 ipsum,
739 2499 878 2564 fabulam
891 2521 1071 2588 numquam
1081 2501 1201 2565 Seneca
1209 2503 1405 2590 respexerit?

397 2607 519 2676 Mirum
543 2606 644 2694 magis
669 2627 706 2669 ac
733 2605 849 2693 magis,
871 2605 952 2670 dum
981 2629 1084 2670 scenae
1109 2607 1213 2671 scenis
1242 2606 1422 2692 adduntur,

354 2733 451 2802 quam
470 2709 580 2775 sedato
599 2726 632 2774 et
648 2709 807 2774 oblivioso
826 2710 868 2774 sit
886 2708 1034 2799 OEdipus
1051 2712 1171 2777 animo.
1188 2712 1343 2796 Tiresias,
1362 2717 1420 2803 qui

354 2833 441 2880 recte
458 2819 491 2880 in
509 2838 613 2904 graeco
631 2831 727 2905 poeta
746 2815 841 2880 certis
858 2816 981 2880 accitur
996 2816 1109 2898 jussis,
1128 2841 1280 2882 areanum
1297 2822 1422 2888 oraculi

356 2945 488 2986 sensum
509 2915 718 3002 excussurus,
741 2920 828 3010 apud
847 2921 1004 2985 Nostrum
1031 2944 1099 2986 non
1123 2920 1296 2988 advocatus
1321 2923 1423 2990 collo-

354 3027 531 3116 quentibus
559 3026 753 3106 intervenit,
785 3023 874 3089 haud
906 3026 1033 3090 nescius
1066 3043 1175 3092 tamen
1208 3029 1287 3116 quid
1319 3029 1421 3094 modo

354 3133 516 3199 acciderit.
542 3133 712 3214 Quantum
734 3131 768 3194 iu
791 3131 951 3219 Sophocle
972 3131 1013 3196 ad
1035 3155 1104 3198 rem
1125 3136 1287 3218 conferat,
1309 3133 1422 3201 adesse

354 3240 519 3320 Tiresiam,
528 3254 561 3302 et
575 3236 744 3302 oraculum
756 3259 798 3300 ne
810 3237 1043 3324 interpretetur
1059 3261 1218 3323 recusare,
1235 3257 1268 3306 et
1285 3241 1426 3330 exprimi

355 3346 396 3409 ab
412 3345 514 3409 invito
528 3343 845 3432 interpretationem,
860 3365 928 3407 non
943 3344 996 3410 hic
1008 3346 1341 3412 commemorandum.
1356 3349 1421 3413 Sed

356 3453 425 3514 haec
448 3473 515 3515 non
543 3449 679 3513 omnino
707 3449 855 3513 omittere
886 3449 1004 3534 debui;
1035 3451 1156 3540 quippe
1182 3475 1254 3540 quae
1284 3456 1422 3520 mutavit

355 3559 492 3638 Seneca,
509 3570 547 3618 ut
562 3555 721 3642 propositi
738 3571 850 3637 tenax,
874 3555 920 3618 sic
942 3555 1018 3618 artis
1039 3555 1221 3621 dramaticae
1236 3559 1419 3624 immernor.

353 3661 444 3728 Nihil
459 3659 547 3749 apud
563 3683 637 3724 eum
657 3661 751 3723 affert
765 3661 920 3741 Tiresias,
939 3683 1005 3747 quo
1023 3661 1172 3748 perplexa
1186 3665 1308 3729 oraculi
1322 3687 1422 3754 erpe-

353 3769 494 3834 diantur.
515 3767 560 3828 Ut
577 3764 713 3829 deorum
730 3765 916 3851 aperiantur
932 3765 1085 3847 consilia,
1106 3766 1297 3833 sacrificium
1312 3787 1422 3857 parat,

354 3890 387 3937 et
406 3872 569 3936 victimam
587 3869 681 3950 jobet
700 3870 877 3950 immolari,
895 3870 987 3950 cujus
1007 3873 1078 3934 exta
1094 3873 1279 3938 minutatim
1299 3874 1422 3940 descri-

356 3982 490 4058 buntur,
513 3998 621 4040 coram
646 3974 819 4063 explorata.
847 3975 906 4038 His
928 3991 1035 4040 tamen
1059 3977 1141 4040 nihil
1160 3977 1339 4067 proficitur,
1361 4003 1422 4046 nec

355 4084 436 4174 quid
458 4079 639 4170 significent
662 4081 777 4167 Superi
793 4081 893 4168 magis
918 4097 1054 4164 notum,
1071 4105 1168 4170 quam
1185 4068 1275 4172 prius
1294 4085 1421 4150 suerat:

353 4190 492 4257 materiae
518 4185 606 4250 enim
636 4186 785 4250 consulto
815 4185 918 4274 parcit
948 4203 1064 4275 poeta,
1090 4205 1129 4252 ut
1157 4190 1319 4277 supersint
1348 4211 1422 4277 quae
