3090 5142
490 509 793 584 DISSERTATIO.
1047 456 1169 592 lxxiiii

106 623 237 712 gaudeat
260 626 401 708 Atreus,
425 626 542 693 domus
564 650 674 719 portas
698 637 832 700 reserari
850 637 959 722 jubet,
985 660 1017 706 et
1040 665 1172 734 apparet

106 731 235 794 interior
259 731 439 819 Thyestes,
466 757 584 799 mensae
609 740 820 824 accumbens,
849 761 938 810 satur
965 763 997 810 et
1022 769 1170 836 gravatus

107 837 185 898 rino.
201 835 260 900 Ille
278 837 394 924 (quod
411 838 609 906 laudandum
621 860 653 907 et
664 845 816 934 tragoedia
831 871 906 914 vere
920 850 1055 942 dignum
1072 879 1170 921 nemo

108 963 167 1004 non
194 943 375 1030 fateatur),
399 947 544 1032 quamvis
568 949 715 1035 posuisse
740 953 870 1016 fratrem
896 955 1077 1023 inimicitias
1102 984 1171 1025 non

19 1067 20 1142 3
109 1043 243 1128 dubitet,
265 1047 392 1137 aliquid
409 1065 516 1114 tamen
535 1051 596 1116 sibi
618 1056 765 1145 praesagit
789 1059 879 1141 mali,
898 1083 958 1126 nec
977 1063 1055 1128 laetis
1073 1067 1171 1132 rebus

19 1157 20 1228 ζ
110 1149 198 1216 audet
215 1152 381 1218 credere:

296 1319 373 1386 Quid
385 1339 428 1374 1111
440 1340 548 1376 revocas
560 1362 568 1389 ,
582 1324 737 1398 festumque
749 1325 825 1381 11111

298 1409 441 1462 Celebrate
453 1409 544 1463 diem?
564 1411 629 1483 quid
648 1412 711 1468 11111
726 1417 805 1486 jubes

296 1495 377 1549 Nulla
395 1515 506 1570 surgens
519 1497 597 1553 dolor
612 1519 645 1554 ex
661 1505 762 1557 causa?

297 1582 368 1648 Quis
380 1601 424 1636 me
436 1584 562 1657 probibet
577 1585 642 1640 flore
660 1592 761 1644 recenti

297 1670 404 1724 Vincire
415 1673 541 1726 comem?
558 1675 683 1746 probibet
697 1715 705 1741 ,
721 1679 853 1751 probibet.

298 1759 395 1812 Vernae
407 1760 490 1832 capiti
503 1760 605 1814 11111111
621 1779 704 1830 11111;

294 1847 391 1918 Pingui
405 1846 530 1902 madidus
542 1851 624 1904 crinis
637 1870 743 1908 amomo

297 1935 371 1986 Inter
385 1935 485 1988 subitos
496 1937 567 1989 stetit
579 1938 721 2007 horrore„

296 2023 390 2075 Imber
400 2025 476 2077 vultu
490 2027 599 2079 nolente
615 2026 697 2080 cadit.

298 2109 379 2163 Venit
391 2110 418 2162 in
431 2110 532 2165 medias
547 2131 626 2167 voces
639 2116 769 2186 gemitusa

296 2197 395 2251 Maeror
415 2201 544 2272 lacrymas
558 2213 629 2255 11111
647 2217 763 2260 assuetas
774 2243 782 2269 ,
865 2253 870 2270 ,

296 2374 374 2426 Libet
387 2375 516 2429 infaustos
533 2378 638 2431 mittere
655 2393 773 2452 questus.

296 2463 374 2516 Libet
392 2475 418 2516 et
434 2464 517 2537 Tyrio
536 2477 637 2519 satum
652 2479 724 2521 ostro

297 2552 430 2623 Rumpere
446 2565 532 2606 vestes
545 2572 552 2606 :
566 2554 668 2608 ululare
680 2556 761 2610 libet:

294 2638 377 2691 Mittit
388 2638 474 2692 luctus
490 2640 565 2712 signa
578 2643 662 2696 futuri

295 2725 389 2790 Mens,
406 2739 465 2780 ante
479 2728 520 2781 sui
539 2747 656 2802 praesage
672 2731 734 2784 mali
745 2736 791 2802 (r).

152 2857 281 2923 Accedit
296 2860 432 2941 Atreus,
444 2859 600 2947 poculum
618 2884 747 2950 gerens,
764 2865 963 2958 mistumque
974 2873 1051 2940 vino
1068 2901 1170 2969 nepo-

116 2979 176 3028 tum
197 2965 415 3054 sanguinem:
442 2965 523 3048 hoc,
549 2967 670 3062 inquit,
698 2969 814 3036 habeat
837 2973 935 3040 frater
958 2985 1169 3052 reconciliata

116 3070 284 3135 concordie
301 3071 431 3159 pignus.
442 3071 570 3136 Gaudet
577 3072 749 3162 Thyestes,
762 3095 795 3142 et
807 3079 851 3142 illi
866 3084 981 3171 gratias
997 3089 1079 3177 agit;
1097 3093 1169 3170 sed,

116 3192 149 3239 ut
161 3193 313 3266 augeatur
323 3178 491 3266 voluptas,
508 3179 598 3267 cupit
610 3202 687 3244 suos
702 3182 813 3249 adesse
825 3205 933 3271 natos3
950 3214 1026 3256 mox
1039 3195 1169 3264 adiutu-

116 3303 160 3344 ros
176 3283 288 3346 Atreus
307 3303 376 3346 non
394 3283 463 3346 sine
478 3283 626 3371 improba
643 3286 862 3356 ludificatione
882 3295 1061 3380 pollicetur.
1087 3304 1168 3385 Quae

115 3385 234 3472 quidem
254 3388 372 3454 fortius
388 3405 420 3452 et
436 3388 589 3454 audacius
606 3392 783 3482 excogitata
801 3398 982 3487 scriptaque
998 3425 1066 3470 non
1084 3408 1169 3475 diffi-

116 3507 188 3574 teor;
199 3493 257 3560 sed
269 3509 303 3558 et
313 3493 476 3558 horrenda
485 3517 553 3560 esse
565 3497 693 3584 potius,
704 3521 801 3586 quam
814 3505 933 3592 tragica
945 3507 1092 3578 existimo
1102 3517 1167 3604 (1),

142 3677 177 3746 (1)
195 3677 258 3730 Hac
276 3676 428 3731 meminisse
448 3675 552 3730 ridetur
562 3675 656 3732 Goetbe
674 3679 822 3754 (Iphigenia
833 3683 861 3736 in
871 3685 951 3741 Taur.
964 3699 1067 3760 114.)

143 3775 220 3843 (2)1n
231 3792 317 3847 greca
327 3772 466 3847 tragedia,
490 3793 570 3846 quarn
580 3815 588 3841 ,
600 3786 630 3827 ut
644 3776 786 3832 verisimile
805 3791 843 3834 est
856 3819 864 3845 ,
881 3783 981 3840 Seneca
994 3801 1058 3844 ante
1071 3795 1165 3852 oculos

19 3913 20 3920 ¹
112 3859 207 3925 babuit,
225 3861 279 3915 hoc
291 3880 383 3916 coram
400 3861 579 3934 spectantibus
593 3875 682 3916 actum
697 3884 753 3918 non
770 3867 937 3925 crediderim.
955 3875 1017 3929 Non
1034 3879 1124 3934 induci
1138 3886 1165 3938 in

112 3967 205 4002 socnam
219 3949 331 4013 debuit,
344 3960 391 4002 aut
402 3949 533 4022 Thyestes
541 3950 699 4004 accumbens
708 3971 825 4020 mense,
843 3969 888 4011 aut
903 3963 998 4016 Atreus
1008 3965 1165 4024 horrificum

113 4053 184 4090 manu
200 4039 326 4110 poculum
353 4055 457 4109 gerens.
475 4039 539 4091 Haec
553 4038 658 4106 omnia,
686 4041 706 4092 si
724 4043 815 4113 tragici
837 4046 910 4117 apud
930 4049 1035 4106 Graecos
1063 4057 1163 4128 ingenii

112 4123 248 4196 quidquam
259 4125 338 4188 novi,
353 4145 407 4178 101
421 4137 565 4196 potuerunt
579 4144 594 4178 a
608 4128 703 4181 nuntio
721 4147 774 4183 nou
794 4135 900 4188 narrari.

178 4220 205 4284 I.
229 4235 312 4282 Senes,
320 4245 383 4299 pers
396 4231 472 4280 tertia.
632 4232 635 4240 ’
1024 4233 1057 4316 f
