3090 5142
440 535 575 606 now
599 539 863 606 nn1ron1s.
1125 539 1184 630 xiij

113 665 262 737 sissimo
292 667 474 765 cujusque
510 674 694 742 sententie
722 684 924 758 contextu,
956 695 1035 768 quac
1070 671 1108 742 in
1148 697 1185 744 se

111 791 252 860 arctius
283 789 490 888 implicatur
520 807 557 863 et
591 816 683 889 aegre
714 791 935 890 quandoque
969 790 1185 864 dissolvitur.

113 911 261 983 Gallicae
288 912 547 1010 tragoediarum
572 914 764 986 latinarum
793 914 1043 988 translationes
1066 919 1190 988 errori-

112 1035 185 1106 bus
208 1048 376 1106 scatent:
406 1060 563 1133 quarnm
589 1025 801 1123 novissima,
826 1038 865 1107 in
889 1034 984 1108 libro
1014 1037 1188 1136 producta

114 1159 179 1254 qui
196 1157 412 1230 inscribitur
429 1157 582 1230 Tkecitre
598 1159 754 1258 complet
767 1160 830 1232 des
843 1165 982 1246 Latias,
1009 1163 1116 1248 1822,
1129 1163 1189 1232 vix

115 1305 135 1351 a
163 1305 277 1378 prava
315 1283 617 1379 interpretatione
650 1281 851 1380 discrepat,
884 1307 991 1380 quam
1028 1283 1187 1356 ediderat

118 1407 238 1499 Conpe'
255 1403 397 1500 (1795).
421 1405 458 1475 Si
481 1428 608 1502 parum
628 1406 756 1501 juvant
778 1406 1021 1494 translatores,
1040 1422 1188 1480 annota-

117 1543 212 1600 tones
227 1528 358 1602 saltem
373 1544 408 1600 et
422 1531 556 1620 critici,
570 1531 633 1629 qui
644 1533 819 1628 majorem
833 1531 1049 1630 plerumque
1064 1556 1185 1603 curam

118 1667 153 1724 et
163 1651 409 1724 eruditionem
425 1651 1033 1753 afferunt,interpretandoTragicp
1045 1650 1185 1724 diluen-

118 1773 243 1874 disque
260 1779 385 1875 operis
399 1779 476 1873 ejus
491 1775 635 1848 nebulis
650 1776 880 1864 incumbant,
894 1801 970 1846 non
986 1777 1105 1846 minus
1120 1775 1187 1846 hac

119 1923 218 1987 cura,
236 1923 351 1996 quam
363 1900 441 1998 ipsa
454 1900 677 1989 recensione,
691 1899 736 1970 de
752 1903 886 1971 Nostro
902 1897 997 1970 bene
1011 1899 1183 1969 merituri.

163 2025 217 2092 De
240 2026 458 2093 recensione
478 2021 650 2120 bipartito
676 2021 823 2120 loquar,
847 2019 1006 2093 reserens
1028 2021 1185 2119 primum

123 2143 249 2241 quibus
276 2146 476 2217 instructus
502 2145 642 2216 auxiliis
666 2144 710 2216 ad
732 2143 1039 2242 recognoscendas
1058 2159 1186 2242 tragoe-

120 2269 190 2340 dias
206 2270 442 2354 accesserim,
461 2283 497 2340 et
514 2270 659 2340 demum
675 2293 765 2366 quas
778 2267 962 2363 judicandi
981 2267 1077 2364 leges
1091 2282 1128 2339 et
1143 2270 1185 2339 iis

121 2391 284 2465 subsidiis
307 2390 436 2464 utendi
454 2391 544 2462 mihi
566 2393 641 2490 ipse
662 2389 819 2463 fecerim.

161 2523 213 2590 Ex
232 2517 362 2616 primis
384 2520 507 2589 Nostri
528 2513 765 2601 editionibus,
790 2541 870 2614 quae
896 2529 978 2586 ante
1002 2512 1182 2585 decimum

118 2656 255 2713 sextum
272 2640 444 2711 sarculum
460 2638 692 2737 prodierunt,
711 2638 799 2710 duas
813 2641 851 2708 in
866 2637 1032 2708 manibus
1051 2637 1183 2726 habui,

118 2788 269 2861 qrmrum
298 2763 409 2834 altera
438 2787 460 2833 a
490 2763 620 2833 Carolo
647 2760 836 2832 Fernando
860 2763 1014 2848 Parisiis,
1043 2762 1181 2833 incerto

117 2911 226 2970 anno,
251 2891 383 2957 emissa
409 2900 472 2956 est.
499 2891 554 2957 De
578 2885 638 2955 illa
660 2886 711 2956 sic
732 2885 872 2957 disserit
892 2883 1067 2972 Botheus‚
1087 2885 1182 2956 inter

117 3012 329 3082 novissimos
347 3010 604 3105 tragoediarum
626 3009 781 3081 editores
804 3006 976 3080 doctrinae
995 3006 1101 3078 lande
1123 3010 1179 3078 in-

117 3136 246 3232 signis:
271 3133 425 3205 «Editio
447 3139 589 3204 Senecae
609 3134 766 3229 Tragici,
786 3134 969 3215 omnium,
995 3133 1033 3202 ni
1050 3129 1180 3217 fallor,

115 3260 278 3354 «prima,
297 3281 430 3355 quam,
457 3255 581 3328 codice
603 3255 718 3327 multo
742 3254 896 3342 collato,
918 3255 1067 3323 Lutetiae
1083 3255 1178 3324 Pari-

114 3383 303 3468 «siorum,
323 3380 464 3451 incerto
483 3403 598 3466 ann0,
624 3379 720 3474 typis
739 3377 897 3472 imprimi
912 3375 1017 3468 jussit
1031 3377 1180 3446 Carolus

113 3533 129 3566 ι
144 3497 374 3587 Fer-naudus,
390 3500 617 3573 commodata
635 3483 742 3571 nobis
764 3513 818 3570 est
837 3523 858 3568 a
883 3498 1103 3596 politissimis
1120 3501 1178 3569 Bi·
1242 3575 1247 3588 ,

114 3655 129 3688 ι
145 3624 338 3697 bliothecae
361 3623 660 3714 Desbillonianae,
679 3647 760 3721 quae
779 3621 975 3694 Manhemii
993 3637 1177 3711 servatur,

112 3777 129 3812 c
143 3747 376 3836 custodibus,
393 3747 526 3846 quibus
544 3750 679 3846 pariter
693 3761 801 3845 atque
818 3744 1031 3816 doctissimis
1046 3743 1177 3816 Biblio-

111 3903 127 3936 κ
142 3871 331 3944 thecarum
350 3870 656 3958 academicarum,
676 3894 756 3967 quae
781 3867 939 3939 Berolini
968 3883 1003 3939 et
1032 3868 1174 3940 Heidel-

111 4027 126 4058 α
142 3995 259 4094 bergae
278 3977 388 4081 sunt,
407 3992 581 4092 praefectis
598 3992 643 4066 de
660 4017 838 4092 propensa
860 4017 943 4090 erga
964 4015 1031 4063 nos
1048 3992 1175 4063 volun·

111 4153 126 4184 ι
138 4135 208 4193 tate
222 4145 305 4208 sua,
319 4143 413 4216 quas
429 4117 561 4206 debeo,
575 4139 733 4193 summas
747 4141 814 4215 ago
831 4117 1022 4214 habeoque
1034 4117 1172 4214 gratias.

990 4225 1031 4298 a³
