3090 5142
356 533 415 599 xiv
743 531 1020 602 PRAEFATIO

357 687 435 724 -e
451 661 532 730 ttaec
554 656 683 744 editio,
696 662 911 746 Maittairio‚
932 658 1094 734 Deburio
1115 675 1151 732 et
1165 665 1322 734 Paouero
1342 687 1425 734 uon

355 783 477 870 «vna,
494 795 532 852 et
550 784 585 852 iu
603 785 851 879 Gottingensis
871 798 981 880 atque
997 781 1309 882 Heidelbergeus'u
1324 790 1424 858 ara-

355 935 372 968 «
388 904 589 976 derniarum
608 904 759 1002 aliisque
775 905 897 978 multis
913 905 1143 979 Bibliothecis
1162 933 1275 1004 quum
1296 907 1425 1006 publi-

355 1058 372 1094 α
391 1029 452 1116 cis,
468 1042 545 1098 tum
564 1031 711 1125 privatis
730 1027 861 1100 frustm
875 1030 1045 1126 quesita,
1067 1031 1105 1100 iu
1117 1031 1288 1104 auctione
1304 1031 1423 1102 tibio-

355 1180 372 1214 «
384 1176 467 1222 rum
489 1151 591 1222 ducis
605 1151 654 1224 do
670 1155 709 1223 lo
727 1153 900 1239 Valltbra
922 1153 994 1226 330
1014 1152 1116 1226 libris
1134 1155 1271 1250 argenti
1286 1154 1425 1251 gallicis

356 1271 528 1344 «vendita
536 1278 855 1372 ost.—-Couspirat
866 1291 985 1348 autem
997 1275 1072 1348 fere
1083 1281 1148 1348 ista
1157 1281 1236 1348 Car.
1244 1276 1425 1348 Fornaudi

355 1394 498 1468 reditio
523 1421 607 1468 cum
634 1396 906 1495 Herbipoieusi,
932 1425 1042 1496 quarn
1071 1401 1225 1498 primam
1253 1399 1426 1474 censebat

270 1613 274 1622 ι
357 1521 548 1607 «Dehine,
572 1535 610 1592 et
632 1523 790 1593 Caietaui
813 1527 971 1610 Veneta,
998 1547 1065 1596 nec
1092 1523 1247 1596 multum
1271 1524 1426 1620 evulgo

357 1641 554 1714 «codicum
573 1641 762 1728 abhorret,
792 1645 860 1714 uisi
884 1643 985 1740 quod
1007 1646 1194 1718 nonnullis
1216 1648 1254 1716 in
1281 1645 1368 1718 loeis
1385 1661 1426 1718 et

356 1794 374 1830 r
387 1765 633 1837 Florentiuam
659 1765 818 1838 ostendit
836 1769 1074 1866 scripturam,
1103 1784 1139 1840 et
1161 1770 1307 1867 propria
1322 1794 1425 1866 quat·

357 1889 470 1960 adam
485 1913 602 1984 quum
616 1891 653 1960 in
671 1888 799 1976 verbis,
813 1904 890 1962 tum
907 1893 1203 1990 interpunctione
1215 1891 1426 1988 babet,quae

357 2013 477 2082 «scire
501 2011 651 2082 interest
672 2010 910 2082 eruditorum.
928 2015 1019 2103 Quae
1043 2014 1288 2110 antiquissima
1313 2011 1427 2084 editio

358 2137 564 2232 «quoniam
597 2159 699 2206 nunc
731 2159 779 2206 ne
809 2137 958 2207 nomine
986 2135 1137 2232 quidem
1174 2139 1319 2234 cognita
1349 2149 1427 2224 est,

356 2257 486 2328 «haud
512 2260 649 2355 gravati
677 2283 803 2329 sumus
830 2256 1047 2357 descriptam
1074 2285 1095 2330 a
1122 2257 1227 2330 nobis
1247 2257 1427 2350 Feruaudi

357 2379 632 2478 «praefationem
657 2397 786 2453 nostrae
806 2381 1009 2477 subjicere3
1037 2381 1186 2479 siugulis
1210 2395 1330 2454 autem
1347 2396 1427 2452 tra·

358 2500 516 2600 «goediis
552 2501 768 2600 praefigenda
805 2507 1087 2577 existimavimus
1122 2504 1257 2576 ibidem
1294 2527 1428 2576 excusa

358 2628 600 2721 «Hieronymi
616 2625 733 2714 Balbi,
746 2627 845 2698 docti
861 2628 1114 2713 adolescentis,
1129 2641 1339 2725 argumenta
1352 2651 1430 2698 me·

358 2751 496 2837 «trica,
522 2749 656 2846 quibus
675 2750 878 2847 vulgarium
909 2753 1058 2822 minime
1090 2752 1259 2848 exquisiti
1289 2751 1429 2848 soporis

360 2887 689 2970 «argumentorum
707 2873 856 2944 radium
880 2875 1076 2961 levaretur,
1099 2890 1196 2946 etc.»
1217 2881 1299 2948 Duo
1317 2874 1429 2969 bujus

361 2997 529 3070 editionis
549 2995 764 3094 exemplaria
787 2999 825 3065 iu
844 2998 1009 3068 Parisiuis
1022 2997 1253 3070 Bibliothecis
1269 3012 1427 3082 exstant,

361 3121 516 3194 altermn
534 3122 572 3189 in
593 3118 817 3190 Bibliotheca
837 3123 965 3218 Regia,
988 3136 1193 3192 accuratum
1214 3134 1251 3194 et
1268 3121 1428 3218 splendi-

361 3231 470 3329 dum,
484 3241 586 3340 qnod
605 3242 782 3313 utendum
807 3242 895 3314 mibi
914 3241 1170 3341 benignissime
1185 3243 1352 3330 tradidit,
1374 3245 1431 3316 vir

249 3351 255 3372 ’
362 3365 525 3438 eruditus
543 3368 581 3436 in
600 3367 725 3463 primis
742 3380 779 3436 et
793 3363 996 3453 officiosus,
1016 3371 1242 3455 Van-Praei,
1256 3393 1332 3465 quo
1349 3367 1431 3440 nul·

363 3488 439 3575 lus,
458 3491 622 3558 omnium
641 3487 801 3583 judicio,
833 3491 1035 3587 promptior
1059 3505 1094 3560 et
1122 3491 1282 3588 paratior
1303 3490 1354 3561 sit
1380 3489 1430 3562 ad

363 3610 589 3706 adjuvandos
606 3635 675 3682 seu
703 3611 885 3698 consiliis,
911 3637 977 3684 seu
1000 3611 1177 3704 librorum
1200 3614 1320 3710 copia„
1342 3617 1431 3709 qni-

363 3757 521 3830 oumque
540 3732 772 3831 profuturum
789 3734 930 3833 aliquid
955 3735 1070 3807 literis
1097 3736 1316 3821 moliuntur;
1344 3736 1430 3810 alte-

363 3879 462 3943 rum,
492 3856 649 3928 laoerum
677 3855 827 3957 quidem
855 3872 894 3928 et
921 3861 1109 3943 amiterni,
1141 3859 1179 3930 in
1208 3855 1430 3932 Bibliotheca

364 3979 473 4076 vulgo
495 3977 657 4052 diemde
671 3985 866 4054 Mousr'eur.
894 3980 1012 4054 Editio
1034 4005 1119 4054 sane
1143 3984 1292 4079 antiqua
1316 3997 1355 4052 et
1376 4005 1431 4054 ar-

365 4101 536 4202 chetype,
552 4103 614 4176 sed
630 4128 712 4200 quie
729 4127 861 4201 parum
875 4102 1021 4178 atterat
1032 4103 1085 4178 ab
1102 4105 1169 4178 iilis
1186 4103 1317 4176 deoiuri
1334 4106 1431 4176 teutii
