3172 5138
377 515 448 585 382
659 517 698 583 L.
725 513 906 626 ANNAEI
934 517 1153 588 SENECAE

426 644 518 715 Malo
536 647 707 740 imperari,
731 666 829 740 quam
849 648 930 742 eripi
948 661 1087 718 mortem
1106 649 1196 720 mihi.

426 754 556 822 Desiste
577 766 702 846 coepto,
721 754 815 847 virgo
827 753 896 849 :jus
914 755 989 822 vitre
1010 777 1050 825 ae
1068 759 1156 826 neeis
1178 795 1180 800 ·

426 860 511 927 Meae
529 882 629 952 penes
650 881 703 926 me
720 871 780 926 est.
798 861 913 953 Regna
931 859 1059 929 deserui
1075 860 1196 945 liberm

425 967 578 1058 Regnum
597 965 662 1032 mei
678 965 816 1034 retineo.
833 966 866 1033 Si
884 965 950 1034 fida
970 987 1006 1035 es
1024 987 1153 1054 comes,
1187 979 1197 996 '
1393 1005 1425 1041 ης

424 1073 546 1138 Ensem
569 1071 696 1165 parenti
715 1070 825 1158 trade,
846 1071 902 1140 sed
920 1085 1036 1140 notum
1058 1095 1138 1143 nece

425 1177 545 1246 Ensem
568 1189 714 1270 paterna.
725 1174 861 1246 Tradis?
876 1196 919 1246 an
935 1179 1005 1246 nati
1023 1193 1137 1248 tenent

425 1281 511 1351 Cum
533 1294 687 1376 regnoet
702 1279 819 1350 illum?
839 1282 954 1370 saciet,
977 1283 1165 1379 ubicunque
1185 1299 1250 1373 est,
1272 1286 1383 1356 scelus.

424 1386 477 1456 lbi
494 1388 550 1471 sit3
571 1385 739 1481 relinquo:
753 1401 849 1458 natus
870 1387 960 1458 hunc
982 1389 1104 1460 habeat
1124 1411 1233 1474 meus,

423 1491 489 1562 Sed
508 1507 655 1588 uterque.
674 1491 838 1562 Flammas
856 1494 966 1589 potius
986 1509 1020 1564 et
1036 1509 1163 1564 vastum
1182 1521 1336 1592 aggerem
1390 1542 1421 1566 ..-

424 1601 597 1693 Compone
612 1624 620 1666 :
637 1601 670 1666 in
690 1597 774 1668 altos
791 1601 861 1694 ipse
877 1624 930 1669 me
948 1601 1119 1670 immittam
1140 1625 1250 1697 rogos.

423 1707 575 1774 Ereetam
597 1703 638 1772 ad
660 1704 751 1798 ignes
774 1703 944 1774 funebrem
966 1705 1139 1776 escendam
1161 1721 1303 1792 struem,

370 1961 402 1996 eo
418 1959 499 2014 usque
514 1943 654 2007 erravisse,
670 1951 701 1996 ut
713 1943 876 1997 existimave-
921 1961 950 1996 re
973 1956 999 1997 et
1025 1945 1137 2017 imperio
1162 1945 1220 2008 sui,
1250 1945 1422 2017 pulmerrima

369 2023 423 2075 rint
437 2021 561 2075 &nesam
573 2020 662 2075 dicere
676 2021 756 2093 ·plus
767 2035 877 2094 peecare
921 2021 1056 2094 Epictetus
1074 2020 1144 2095 apud
1159 2025 1300 2078 Animum
1315 2027 1363 2078 lib.
1379 2025 1422 2088 Π,

369 2117 431 2154 nm
455 2101 502 2172 qui
528 2101 643 2154 invitum
666 2099 778 2166 oeeidit,
798 2119 876 2173 quam
920 2119 978 2172 cap.
1000 2120 1053 2168 aa,
1070 2115 1097 2157 et
1116 2119 1166 2172 ²9·
1188 2116 1214 2157 et
1235 2103 1282 2157 lib.
1299 2105 1352 2168 111,
1368 2123 1422 2178 esp.

370 2180 562 2252 quinolentem
578 2181 802 2234 semataLoeum
832 2197 878 2234 un·
921 2180 1035 2234 ultim..

370 2277 424 2330 que
448 2277 503 2311 non
521 2260 582 2312 satis
600 2257 740 2332 dlhgmter
758 2201 878 2314 reddidit
964 2258 1424 2334 106.Seduotum,ete'.Damlhigla·

370 2339 462 2390 Leve:
474 2337 572 2390 netem
590 2337 615 2390 ta
630 2341 694 2390 main
713 2339 743 2390 de
759 2338 820 2392 cebri
836 2344 878 2414 qui
920 2337 995 2392 dium
1013 2339 1087 2393 illurn
1106 2339 1164 2394 Laii
1185 2339 1257 2394 ωδε
1281 2341 1422 2406 infamem

368 2418 480 2469 desint«
491 2428 566 2479 more,
579 2419 674 2469 e⁰estle
688 2429 747 2470 laer.
764 2418 877 2490 C'estpr's
920 2419 1053 2490 optimum
1071 2419 1142 2471 enim
1157 2419 1202 2472 hic
1214 2416 1265 2472 erit
1282 2436 1367 2492 poene
1385 2421 1422 2474 iu·

368 2513 451 2548 encore
470 2514 514 2570 que
526 2497 557 2548 de
571 2498 594 2547 le
609 2509 682 2548 mer:
690 2497 719 2566 je
730 2515 783 2548 sens
797 2517 841 2568 que
854 2499 876 2550 Ia
919 2507 1107 2559 strumentum,
1124 2499 1170 2570 qui
1181 2499 1286 2553 sceleris
1299 2499 1357 2554 fuit.

365 2577 436 2648 poids
451 2576 481 2628 de
494 2576 630 2628 l'em'stenee
642 2587 677 2626 est
688 2577 752 2627 tuille
758 2577 810 2644 sois
819 2577 876 2648 plau
963 2577 1023 2630 108.
1046 2577 1143 2641 Faciet,
1171 2591 1220 2631 ete.
1244 2577 1273 2631 si
1291 2578 1421 2650 gladium,

368 2657 465 2727 qffnue
484 2673 529 2726 que
546 2673 591 2707 son
608 2665 687 2708 teme.
706 2655 876 2710 omittuntur
919 2655 976 2709 Laii
991 2657 1117 2728 sanguine
1131 2655 1279 2724 imbutum,
1293 2659 1359 2711 mihi
1370 2677 1421 2711 nou

368 2735 447 2788 verbu
466 2737 576 2806 imperari
598 2747 624 2788 et
640 2739 713 2805 eripi,
730 2735 757 2788 in
778 2736 874 2808 quibus
918 2749 993 2806 potes
1015 2733 1133 2797 tradere,
1149 2737 1214 2808 'quia
1234 2736 1310 2789 illurn
1328 2737 1421 2790 liabent

369 2827 422 2867 tota
438 2825 523 2886 prope
539 2815 653 2868 vertitur
666 2815 795 2869 sententis
808 2833 815 2869 ε
829 2812 875 2869 ite
918 2833 978 2868 cum
992 2833 1075 2888 regno
1088 2817 1142 2869 nati
1157 2815 1225 2880 mel,
1240 2813 1270 2868 ld
1283 2817 1349 2870 mihi
1360 2817 1422 2868 sola-

367 2907 442 2947 retur
463 2895 534 2947 enirn
555 2895 689 2967 oppositio
710 2915 793 2966 cogere
815 2899 876 2948 morl
919 2895 1022 2960 tieem,
1035 2893 1251 2966 quodineorum
1262 2893 1419 2949 mmumnd

368 2973 874 3045 nolentempwpmntemlmpedr'mllihi,
917 2973 1018 3028 inutilia
1042 2976 1148 3027 laturus
1172 2974 1221 3041 sim
1247 2974 1348 3048 quippe
1369 2993 1420 3047 quo

368 3053 456 3124 lnquit
468 3052 605 3125 OEdipus,
615 3071 670 3107 non
685 3065 739 3106 tam
752 3053 873 3125 iniquum
919 3063 1024 3108 utentur
1037 3052 1069 3106 ud
1082 3065 1199 3107 mutuam
1211 3051 1365 3124 perniciem.

367 3133 502 3187 videretur
528 3143 639 3186 inertem
664 3133 765 3187 nolenti
788 3132 873 3206 impe·
961 3149 1021 3204 ¹⁰9·
1035 3133 1075 3186 Ibi
1088 3137 1127 3184 sit.
1141 3132 1221 3206 Apud
1235 3147 1337 3187 natum.

368 3213 436 3277 rari,
456 3229 535 3284 quem
560 3213 662 3284 optanti
684 3211 814 3266 moriendi
835 3214 872 3266 la·
961 3211 1086 3266 11de
1104 3223 1208 3284 uterque.
1222 3212 1298 3265 Alter
1314 3215 1341 3266 in
1361 3214 1421 3265 alte·

366 3292 490 3345 cultatem
505 3291 595 3345 adimi.
916 3309 975 3345 rum
986 3291 1058 3346 huuc
1066 3307 1154 3345 ensem
1163 3291 1281 3364 stringat
1292 3293 1353 3358 Quo
1360 3303 1419 3345 voto

412 3389 471 3425 toa.
494 3373 568 3442 Eri’pl
591 3382 695 3422 mortem.
721 3369 813 3424 Senee.
839 3370 872 3424 de
915 3369 1036 3442 OEdlpus
1046 3371 1183 3425 vaticinari
1192 3369 1417 3424 videturmutuam

368 3449 520 3503 provident
532 3451 547 3503 3
557 3468 564 3504 ε
574 3450 695 3522 AEqm’ore
703 3453 782 3502 animo
787 3469 873 3520 passm
916 3466 1102 3520 germanorum
1113 3448 1219 3504 eedem

367 3540 446 3582 estse
463 3533 552 3601 patrie
568 3533 628 3601 ινὶρί
637 3571 645 3592 ,
663 3547 732 3602 quam
747 3529 793 3580 sr'hi'
810 3533 872 3582 emi·
959 3547 1021 3582 ιη.
1031 3529 1145 3582 Emeum
1158 3529 1282 3600 «dignu,
1299 3542 1349 3583 ete.
1364 3530 1418 3582 llos

365 3610 430 3660 Ilum.
915 3609 1057 3662 barbarum
1076 3621 1102 3662 et
1114 3625 1191 3662 semu
1205 3625 1306 3662 misum
1322 3607 1419 3679 judiam

410 3688 471 3740 10⁵.
485 3689 606 3764 Regnum,
620 3701 669 3741 ete.
681 3687 749 3740 Exul
762 3699 873 3760 potestu-
916 3687 1046 3752 Botbeus,
1070 3700 1098 3741 et
1120 3699 1180 3740 ante
1209 3687 1287 3741 illum
1314 3689 1416 3742 Gruter.

368 3779 420 3819 tem
435 3767 462 3818 in
482 3780 574 3820 cetera
589 3768 695 3834 omnia,
709 3783 763 3820 nen
782 3761 809 3820 in
827 3785 873 3820 vo·
915 3783 1020 3822 versum
1031 3781 1225 3838 superuacuum
1238 3783 1293 3820 esse
1305 3785 1418 3839 pronun·

368 3845 756 3918 luntrtemmstoicummquit
766 3845 871 3900 Deli-io:
915 3848 1039 3914 timeret,
1050 3847 1127 3919 quis,
1143 3860 1284 3919 postquam
1300 3845 1419 3919 OEdipus

367 3941 427 3978 nam
448 3925 505 3977 nec
521 3939 590 3978 secta
605 3925 673 3980 nihil
687 3925 792 3982 homini
809 3944 872 3998 pro·
916 3925 1155 3980 seseimmiseritin
1165 3943 1416 3996 rogos‚nonaseen·

367 4005 458 4076 prium
480 4006 616 4068 censebat,
637 4017 734 4076 pruter
754 4005 872 4059 animum
916 4002 961 4059 det
971 4003 1243 4062 mrsusinlunehrem
1251 4017 1358 4060 struem.
1366 4001 1415 4058 set

367 4097 393 4135 et
415 4084 593 4148 voluntatem
612 4085 742 4151 membra,
753 4093 873 4157 'eos-ms,
916 4085 973 4138 falsi
983 4098 1044 4138 sunt
1055 4086 1100 4156 qui
1111 4084 1138 4137 la
1153 4096 1230 4155 poet·
1244 4103 1333 4138 rerum
1345 4081 1414 4137 ordi·

366 4165 447 4217 vitam
462 4163 544 4215 aliena
562 4179 615 4216 esse
632 4181 750 4236 prorsus.
765 4166 824 4228 Qua
839 4163 873 4217 de
916 4179 977 4217 nem
988 4175 1040 4217 tam
1052 4161 1137 4233 rigide
1146 4161 1178 4214 ad
1188 4163 1302 4216 calculos
1313 4174 1412 4221 vocant,
