3090 5142
401 483 495 579 lxxvj
666 482 908 590 utstpluct
932 481 989 550 ET
1012 481 1193 549 CRlTlCA

541 607 621 660 Utere
632 605 743 658 latente.
753 602 833 671 Quod
845 603 925 676 jubet
936 599 992 654 lieri
1004 601 1095 658 natast

540 693 643 766 llepesi.
657 691 730 759 Quid
742 691 826 746 heres
836 689 848 744 Ρ
859 691 916 764 ipsa
928 692 982 762 jam
993 706 1080 744 cases
1092 687 1171 752 lieet,

541 781 605 836 lltec
618 781 659 836 ira
672 780 734 836 satit
745 792 791 834 est.

444 929 505 992 Eas
517 923 648 1013 frigidm
666 897 915 986 declamationes
931 917 1066 983 adterins
1079 919 1294 1006 persequitur,
1313 935 1357 1004 et,
1374 921 1469 1008 quasi

399 1035 510 1099 lurore
521 1052 584 1096 sno
596 1025 786 1118 gaudeatse
803 1025 871 1114 ipsa
888 1023 929 1089 ad
947 1022 1167 1088 accendendas
1184 1024 1247 1089 iras
1263 1027 1471 1109 exstimulat,

397 1142 424 1205 si
441 1159 553 1204 earum
576 1133 724 1198 ardorem
742 1131 793 1194 vel
813 1130 974 1194 tantulum
1000 1127 1150 1192 imminui
1172 1128 1374 1210 judicaverit,
1389 1132 1471 1196 Vult

401 1249 546 1336 impense
570 1240 659 1305 nefas
686 1255 831 1328 patrare3
855 1250 888 1301 et
909 1235 1130 1325 interrogante
1153 1237 1280 1302 nutrice
1299 1261 1307 1302 :
1329 1239 1472 1304 Pertinet

401 1349 578 1418 namma?
595 1342 788 1434 respondet,
808 1337 934 1408 Pelliee
948 1353 1032 1406 certe
1048 1331 1136 1407 Μ.

445 1459 493 1522 Εο
512 1454 641 1546 gravius
658 1464 802 1539 peccant,
816 1469 954 1536 quarum
970 1444 1093 1534 aliquid
1104 1446 1286 1534 speciminis
1303 1446 1472 1532 dedimus,

402 1559 667 1635 declamationes,
692 1553 784 1643 quod
814 1553 896 1616 nihil
925 1551 1063 1615 omnino
1089 1549 1248 1618 efficiunt.
1275 1553 1382 1618 Furor
1409 1555 1473 1619 iste

400 1666 595 1734 immodicus
623 1683 690 1726 non
717 1661 790 1749 plus
815 1656 945 1749 prolicit
973 1679 1072 1746 quarn
1100 1657 1285 1748 Sophoclem
1311 1659 1472 1740 Dejanirae
1522 1701 1525 1708 ,

401 1771 563 1865 patientia.
588 1769 764 1855 Postquam
788 1763 1010 1830 enimomnes
1037 1761 1179 1828 audendi
1199 1763 1326 1830 sceleris
1350 1765 1471 1830 modos

400 1881 515 1946 ordine
531 1874 710 1954 recensuit,
732 1869 939 1958 decrevitque
959 1869 1132 1934 Herculem
1155 1868 1323 1938 demedio
1340 1872 1471 1954 tollere,

400 1989 465 2051 ltoc
478 1980 625 2048 meminit
638 1977 728 2067 quod
742 1997 855 2042 arcana
866 1975 899 2038 vi
910 1975 1172 2064 potentissinnuu
1184 1998 1201 2038 a
1215 1973 1318 2042 Nesso
1332 1979 1468 2066 accepit,

403 2091 497 2158 etuti
511 2087 637 2166 statuit,
647 2101 684 2148 ut
693 2083 755 2148 sibi
766 2101 910 2146 amorem
921 2081 1085 2169 conjugis,
1101 2081 1127 2144 si
1141 2081 1260 2170 possit,
1272 2083 1470 2149 reconciliet.

333 2253 338 2268 .
405 2195 527 2261 Eadem
555 2206 747 2280 sequuntur,
775 2209 847 2275 quae
873 2187 907 2249 in
936 2185 1105 2274 Sophoclis
1130 2185 1299 2276 tragoedia3
1323 2187 1381 2252 sed
1412 2190 1470 2254 ubi

402 2302 524 2370 audivit
549 2297 700 2378 Dejanira
725 2301 824 2382 qnam
850 2292 996 2356 intulerit
1021 2307 1145 2380 pestem
1167 2307 1324 2358 venenata
1350 2297 1469 2374 testis,

402 2429 514 2475 rursus
534 2407 567 2468 in
582 2403 681 2467 linias
695 2402 812 2491 agitur,
832 2393 986 2464 accidisse
1008 2395 1184 2488 indignata,
1205 2421 1265 2463 nec
1289 2399 1358 2488 ipsa
1376 2403 1471 2465 auxi·

404 2517 515 2597 liante,
527 2495 624 2600 cuod
645 2507 753 2596 priore
772 2518 850 2594 voto
869 2519 1091 2591 occupaverat.
1114 2499 1158 2566 Ut
1178 2503 1211 2568 in
1234 2525 1338 2592 graeco
1356 2523 1471 2594 poeta,

404 2619 459 2688 sed
469 2615 649 2707 apparatius
659 2611 906 2698 jactantiusque,
914 2629 949 2672 se
960 2608 1127 2674 interimit.
1137 2609 1246 2676 Hieret
1254 2610 1343 2676 enim
1357 2609 1471 2696 dubia,

407 2749 505 2816 φιειηι
520 2722 595 2789 satis
608 2715 805 2784 horrendam
816 2735 929 2780 necem
939 2714 1070 2778 sibimet
1080 2715 1149 2802 ipsa
1163 2715 1287 2780 inferet.
1303 2715 1402 2780 Nunc
1414 2741 1473 2806 per

406 2851 494 2898 artus
522 2849 599 2894 suos
623 2845 733 2889 ensem
761 2821 906 2910 exigere,
936 2841 1025 2883 nurse
1052 2820 1093 2883 ab
1119 2821 1257 2884 aetherea
1281 2843 1363 2912 rupe
1396 2825 1474 2888 ferri

406 2941 527 3030 placet,
542 2945 714 3022 utpartem
726 2927 777 2992 sui
787 2942 886 2988 omne
896 2938 1008 2990 saxum
1020 2924 1174 3006 retineat,
1184 2943 1217 2989 et
1229 2941 1336 2991 totum
1350 2929 1474 2993 montis

407 3049 490 3112 latus
513 3063 574 3106 suo
597 3036 711 3102 rubeat
735 3031 901 3120 sanguine.
926 3029 1079 3120 Denique
1102 3029 1145 3094 illi
1169 3030 1202 3094 in
1221 3049 1361 3098 mentem
1383 3036 1476 3098 venit

407 3172 506 3216 unam
527 3167 594 3210 non
617 3141 691 3207 satis
714 3138 784 3202 lore
806 3151 957 3200 mortem.
983 3133 1104 3200 Gentes
1128 3136 1227 3226 igitur
1248 3137 1358 3203 adesse
1376 3139 1475 3219 jubet

406 3272 631 3339 terrarumque
655 3245 767 3312 orbem
787 3243 994 3322 universum,
1015 3257 1053 3304 ut
1071 3259 1144 3306 saxa
1165 3260 1197 3306 et
1219 3243 1364 3308 incensas
1385 3245 1473 3310 laces

404 3355 616 3444 jaculentur(
639 3355 661 3441 ).

440 3611 479 3678 (ι)
496 3607 529 3660 In
543 3603 643 3666 ceteris
655 3599 787 3672 tragodiis
801 3595 893 3652 similia
907 3596 1036 3652 invenias
1048 3597 1143 3664 Quum
1152 3598 1259 3670 agnovit
1270 3597 1370 3652 scelera
1381 3595 1475 3650 OEdi·

406 3719 474 3773 pus,
486 3715 514 3750 se
526 3692 646 3748 occidere
656 3689 762 3750 statuitt
776 3687 824 3742 sed
836 3703 917 3744 nmen
929 3685 1128 3760 simplicemque
1140 3702 1254 3744 mortem
1266 3705 1320 3742 nnn
1334 3687 1399 3742 satis
1419 3687 1476 3740 lom

407 3787 557 3842 existimat:

668 3866 756 3912 ltemnt
771 3863 864 3916 vivere.
878 3873 951 3924 atqua
967 3861 1052 3908 iterum
1070 3864 1129 3913 nori
1187 3909 1190 3916 ,

591 3947 684 3994 Liceat:
698 3943 788 3990 renasci
800 3957 899 4004 semper,
909 3952 935 3988 nt
946 3940 1016 3990 toties
1024 3955 1084 3988 ωτι

588 4023 707 4086 Supplici·
716 4018 813 4084 pendas
824 4021 896 4066 Utere
905 4017 999 4081 ingenio
1010 4017 1085 4064 miset.
