3090 5142
477 479 782 548 ntsssntuno.
1111 479 1165 574 »xij

88 611 117 656 et
129 609 255 658 auctor
262 597 583 680 Controversiamm,
592 621 690 686 quem
698 615 787 664 certo
796 612 921 662 constat
931 613 1055 686 patrem
1068 601 1168 664 fuisse

7 713 8 721 ’
89 701 311 791 Philosophi,
332 726 399 791 quo
416 704 493 768 loco
514 705 721 770 censebitur?
744 708 796 770 An
817 703 1005 786 verisimile,
1024 721 1089 769 tam
1110 707 1168 771 ob·

90 829 233 871 scarum
251 824 285 872 et
307 824 398 872 terrae
419 811 513 897 quasi
531 809 633 876 lilium
654 811 775 893 fuisse,
796 827 835 875 ut
852 809 920 890 ejus
938 809 1023 898 apud
1045 828 1167 878 veteres

90 913 185 977 nulla
200 914 246 978 sit
261 913 371 978 habita
389 915 492 980 ratio?
514 917 643 1007 Negant
660 918 794 982 illustria
817 916 937 1004 ingenii
960 917 1029 996 ejus
1053 940 1170 983 monu-

91 1035 227 1102 menta,
249 1020 486 1086 Controversiae
510 1039 543 1086 et
575 1023 656 1087 liber
680 1022 922 1104 Suasoriarum,
948 1045 1021 1109 quae
1045 1040 1171 1088 exstant

90 1123 283 1212 hodieque,
301 1125 501 1214 Philosopho
516 1127 688 1209 hactenus,
705 1126 763 1192 sed
774 1126 874 1208 false,
891 1125 1059 1214 adscripta.
1079 1127 1169 1193 ludi·

93 1245 225 1294 mverat
242 1230 309 1294 hoc
324 1230 477 1296 omnium
493 1231 618 1319 primus
630 1232 860 1298 Volaterranus
878 1232 985 1320 operis
1001 1233 1052 1296 sui
1066 1233 1169 1298 unde

95 1335 278 1399 vicesimo:
294 1335 444 1400 ·Marcus
462 1339 604 1402 Annaeus
623 1337 744 1402 Seneca
759 1335 948 1424 Philosophi
965 1352 1065 1424 pater,
1087 1341 1170 1403 Cor-

95 1439 258 1504 duhensis
275 1457 310 1504 et
328 1441 485 1528 equestris
504 1441 628 1506 ordinis
644 1465 681 1506 ac
699 1441 934 1508 eruditissimus
958 1441 1040 1523 fuit,
1056 1459 1095 1506 ut
1116 1445 1169 1507 cui

96 1547 379 1629 Declamationes,
396 1569 468 1634 quae
484 1546 541 1612 filii
557 1547 712 1614 dicuntur
724 1569 812 1631 esse,
830 1547 979 1612 nonnulli
993 1547 1169 1613 referant.-

97 1650 199 1732 Quod
214 1650 450 1738 undecumque
468 1653 627 1742 acceperit
640 1652 1092 1735 Volaterranus,verissimum
1109 1671 1169 1733 est,

97 1755 171 1820 licet
183 1757 344 1839 Erasmo,
361 1757 539 1840 Rhenano,
553 1758 704 1846 aliisque,
716 1758 774 1845 qui
785 1759 939 1821 Senecam
952 1757 1037 1820 inter
1045 1757 1168 1845 primos

99 1863 327 1942 illustrarunt,
355 1862 450 1926 sicuti
475 1885 535 1926 nec
560 1863 719 1951 Gyraldo,
738 1863 795 1950 qui
820 1861 861 1925 de
878 1862 982 1950 poetis
999 1861 1118 1927 Graecis
1133 1887 1170 1929 ac

100 1967 219 2032 Latinis
233 1967 405 2031 historiam
423 1969 610 2050 contexuit,
627 1992 668 2032 ne
691 1967 822 2056 quidem
841 1980 864 2029 h
886 1977 996 2048 ὀνείροις,
1011 1968 1101 2055 quod
1116 1968 1168 2032 ‹li-

100 2075 194 2154 citur,
211 2073 407 2137 suboluerit.
428 2072 613 2138 Admonuit
638 2091 744 2140 tamen
764 2089 839 2162 post
855 2073 1070 2138 eos-Alciatus
1086 2064 1169 2139 lihro

101 2179 315 2269 Parergorum
334 2179 389 2260 IV,
408 2195 441 2242 et
458 2179 584 2268 Lipsius
600 2197 765 2268 postremo
786 2180 1022 2244 accuratissime
1038 2180 1167 2244 Electo-

101 2301 169 2342 rum
192 2281 315 2368 primo.
341 2278 481 2342 Alciatus
500 2295 652 2368 praeterea
671 2281 735 2345 hoc
757 2279 889 2361 adjecit,
906 2281 1084 2362 Senecam,
1109 2282 1166 2370 qui

101 2385 320 2474 Philosophus
335 2383 456 2469 dictus,
472 2387 568 2451 etiam
584 2386 817 2477 tragoediarum
827 2402 992 2450 auctorem
1008 2385 1116 2451 videri.

140 2491 227 2556 Hinc
245 2491 315 2574 jam
336 2493 503 2580 superiora
518 2492 571 2556 illa
585 2493 720 2556 Diaconi
736 2492 857 2557 scilicet
871 2493 914 2556 ita
930 2491 1101 2580 accipiam,
1128 2511 1167 2559 ut
1266 2565 1275 2584 ,

100 2597 272 2685 Tragicum
291 2597 464 2686 intelligat,
482 2598 539 2684 qui
555 2597 652 2662 simul
666 2597 883 2686 Philosophus
897 2598 960 2661 fuit
978 2597 1062 2686 (quae
1079 2596 1166 2663 enim

101 2701 275 2768 omittendi
291 2702 361 2782 ejus
380 2725 490 2767 caussa
505 2702 677 2792 fuisset?);
707 2719 739 2768 et
763 2702 952 2784 Sidonium,
976 2703 1032 2790 qui
1048 2701 1166 2768 diserte

100 2808 234 2872 alterum
260 2807 303 2871 ab
330 2809 431 2871 altero
458 2808 624 2898 sejungit,
650 2809 818 2874 communi
843 2829 952 2872 errore
976 2805 1165 2890 seductum,

101 2913 263 2978 rhetorem
283 2913 437 2978 eumdem
453 2936 529 2977 cum
547 2913 746 3012 Philosopho
765 2913 971 2978 existimasse.
990 2913 1058 2978 Nec
1074 2911 1107 2976 id
1125 2911 1165 2977 de

100 3018 233 3084 Sidonio
251 3021 423 3084 mirabitur
438 3020 613 3109 quispiam,
627 3043 731 3109 quum
747 3021 865 3085 iterum
880 3018 975 3084 simili
987 3019 1163 3084 hallucina-

101 3125 202 3206 tione,
219 3124 313 3213 quod
329 3126 439 3189 nescio
454 3148 495 3188 an
511 3125 664 3212 cuiquam
682 3123 789 3188 adhuc
805 3123 1080 3204 animadversum,
1093 3123 1165 3187 Pol·

100 3229 158 3293 lam
178 3231 420 3319 Argentariam,
445 3229 567 3296 Lucani
589 3231 778 3320 conjugem,
803 3247 878 3317 post
900 3228 1020 3292 caedem
1042 3228 1162 3292 Lucani

98 3337 197 3400 Statio
218 3335 356 3423 Papinio
370 3352 507 3424 nuptam
525 3319 641 3398 innuat
656 3335 725 3400 istis
742 3333 782 3398 ad
801 3333 1015 3398 Consentium
1036 3332 1162 3399 Narbo·

100 3464 232 3506 oensem
250 3440 421 3505 versibus:

238 3592 315 3658 Quid
325 3592 398 3666 quod
412 3591 566 3664 duplicibus
577 3596 666 3665 jugata
681 3591 754 3646 tedis

239 3681 396 3753 Argentaria
408 3681 482 3734 Polla
495 3679 540 3735 dat
551 3681 662 3752 poetas?

7 3847 8 3858 ‘
99 3841 222 3906 Volunt
234 3842 371 3930 quidem
389 3843 580 3932 interpretes
596 3843 772 3930 respexisse
788 3842 841 3906 hic
857 3841 1027 3906 Sidonium
1041 3839 1082 3904 ad
1099 3840 1164 3906 Ge·

98 3947 294 4028 nethliacon‚
307 3971 376 4036 quo
385 3948 538 4034 Papinius
546 3948 666 4012 Lucani
672 3946 757 4011 diem
767 3963 950 4028 consecrat,
963 3961 996 4012 et
1005 3945 1164 4033 praecipue

7 4083 8 4091 κ
97 4051 133 4114 ad
149 4052 394 4142 praefationem,
408 4075 480 4138 quae
494 4054 584 4117 estin
601 4052 722 4118 librum
739 4051 919 4116 secundum
932 4051 1166 4129 Silvarum,ubi

193 4165 221 4228 I.
246 4179 328 4226 Seme.
335 4191 399 4243 pars
410 4174 485 4222 tertia.
1029 4187 1049 4232 c
