3070 5158
360 545 875 619 Antnluvnnsrouus.
1079 551 1147 649 457

127 679 192 748 370.
210 677 245 730 llt
257 689 282 729 et
291 678 387 730 nostem.
400 677 489 750 AEgid.
506 679 540 730 Ut
553 679 648 732 leonem.

128 759 194 828 370.
213 757 247 810 Ut
259 757 334 810 exsul.
349 757 441 810 Pariss.
455 757 546 821 8030,
561 759 634 813 8035
645 796 653 821 ,
663 770 688 810 et
700 759 777 810 ensal.
1111 785 1113 792 ν

128 836 194 907 373.
211 837 349 898 Graiorum.
361 837 439 890 Peru.
452 839 487 889 Is.
499 836 587 908 AEgid.
599 851 624 890 et
634 837 727 890 Pariss.
742 838 836 907 6377,
851 840 940 902 8261,
953 837 1101 894 Groeeorum.
1109 875 1149 886 -

87 913 181 987 Iloget.
200 917 294 969 Colon.
306 915 362 967 MS.
373 916 530 969 Commelini
541 955 549 981 ,
560 921 639 986 petat,-
652 916 733 969 Paris.
746 918 836 980 8008,
849 928 928 968 uocat.

129 995 196 1065 375.
210 996 325 1048 Istlunon.
340 995 457 1048 Bothens
467 1013 499 1048 ex
510 995 674 1059 Florentino,
684 996 802 1048 Istlnnos:
823 1021 834 1044 ι
850 996 964 1049 Isthmus
973 997 1054 1068 cingit
1066 1019 1149 1067 mare,

84 1074 140 1128 hoc
153 1087 205 1138 est,
219 1093 290 1128 mare
302 1075 326 1127 ei
338 1073 467 1127 alliditur.
480 1075 548 1128 Sane
560 1073 689 1145 ejusmodi
703 1075 819 1146 enallage
828 1074 896 1128 nihil
908 1077 1069 1147 frequentius
1080 1079 1152 1148 apud

84 1166 187 1221 poetes.
200 1167 212 1195 ¹
229 1157 274 1213 At,
292 1165 322 1205 ut
342 1153 389 1204 fiat
400 1155 533 1224 enallage,
548 1173 603 1206 nou
616 1153 743 1206 mutanda
757 1155 938 1207 universorum
951 1158 1152 1226 ,0000900810-

83 1234 207 1297 rentino,
219 1231 341 1285 codicum
354 1232 442 1285 lectio.

129 1311 196 1382 377.
216 1312 314 1366 Generi.
330 1313 408 1364 Both.
421 1331 525 1381 genem,
546 1310 619 1383 quod
639 1311 676 1366 sic
692 1313 720 1365 in
737 1313 908 1379 Florentino,
922 1325 987 1368 teste
1002 1315 1060 1368 lae.
1076 1315 1147 1368 Gro-

85 1391 186 1456 novio,
206 1391 312 1462 legitur.

130 1467 192 1523 380.
217 1471 349 1542 Utrimque.
370 1471 471 1524 Omnes
494 1469 570 1524 editt.
590 1483 720 1544 utramque.
739 1473 819 1526 Recte
834 1471 1020 1525 animadvertit
1034 1473 1150 1527 Botheus

84 1549 143 1601 vim
155 1569 240 1622 prope
253 1550 355 1603 nullam
368 1550 396 1604 iu
412 1551 455 1603 his
470 1569 540 1616 esse,
553 1563 677 1620 utrumqne
689 1564 773 1603 natinn
784 1551 863 1602 video.
877 1551 1040 1622 Conjiciebut
1053 1552 1152 1623 igitur,

85 1632 212 1701 utrimque.
229 1630 285 1701 Ego
302 1638 388 1682 autem
403 1630 466 1683 hnic
481 1629 676 1692 emendationi,
695 1649 747 1701 qun
761 1629 829 1682 nibil
844 1631 933 1685 serius
946 1631 1075 1695 arbitror,
1094 1651 1151 1686 uon

85 1725 123 1760 ex
137 1705 303 1780 conjectura,
316 1705 409 1762 sed'ex
422 1708 497 1762 libris
510 1710 576 1762 meis
584 1709 723 1780 suffragor.
739 1711 783 1763 Sic
801 1709 872 1762 euim
888 1721 942 1762 tres
959 1710 1041 1763 Paris.
1054 1714 1149 1774 8006,

87 1789 183 1856 8009,
198 1790 281 1858 8037.

130 1867 197 1932 tet.
214 1869 270 1936 000
286 1887 366 1921 earne.
378 1866 476 1921 Baden.
493 1869 558 1940 quad
578 1888 665 1933 cansa,
675 1868 740 1921 vitio
753 1869 841 1922 forsan
856 1869 944 1939 operis
957 1868 1150 1939 typographici.

130 1947 196 2000 388.
213 1949 276 2000 Toto
292 1949 402 2009 0080τὶ0,
419 1961 471 2000 eto.
488 1949 521 2000 In
537 1947 692 2002 Florentino
706 1949 773 1999 salva
789 1947 900 2010 nudatis,
915 1960 963 2000 eto.
979 1947 1074 2012 Unde,
1092 1965 1150 2000 uon

87 2045 168 2090 soesa,
190 2038 221 2078 ut
236 2027 402 2092 Gronovius,
418 2025 464 2080 sed
480 2028 593 2098 Terisque
608 2039 696 2096 ternpus
713 2028 794 2091 salva,
809 2027 907 2078 nudatis
928 2027 995 2078 adest
1015 2028 1150 2080 accersivit

85 2105 229 2158 Botheus:
247 2131 259 2153 ι
278 2106 339 2158 Nou
363 2107 452 2168 euim,
469 2107 573 2177 inquit,
593 2105 699 2160 nudatis
719 2107 800 2160 armis
817 2119 885 2159 sture
905 2107 989 2158 solent
1006 2106 1147 2166 exereitus,

84 2183 135 2238 sed
147 2181 255 2238 movere
266 2197 345 2255 atque
358 2185 455 2237 inferre
469 2185 551 2255 signe.
563 2210 574 2230 ι
592 2187 626 2238 At
639 2187 770 2240 exercitus
784 2197 844 2240 aute
857 2185 959 2238 nudent
972 2203 1058 2248 erma,
1071 2201 1150 2255 quam

87 2277 264 2329 moveantur,
278 2283 361 2335 quum
374 2263 410 2317 ad
423 2263 561 2317 inserenda
574 2264 647 2334 signa
660 2283 715 2318 sese
728 2265 878 2335 accingunt.
891 2264 963 2316 Stare
973 2265 1069 2316 nudatis
1079 2269 1152 2315 ermis

86 2341 161 2396 idem
176 2344 246 2396 valet
263 2360 294 2395 ac
310 2363 399 2414 parere
411 2347 596 2412 congressionem
611 2356 636 2394 et
648 2348 777 2415 impetum:
791 2344 843 2396 hoo
856 2357 944 2396 autern
960 2343 1056 2396 Noster
1064 2344 1152 2395 verbis

86 2424 229 2476 enuntiare
244 2423 343 2484 voluit,
357 2441 412 2475 nou
425 2424 526 2476 ruentis
541 2424 670 2476 exercitus
686 2441 791 2476 cursum
802 2443 809 2488 ;
819 2421 892 2493 quod
906 2423 1076 2493 sequentibus
1089 2441 1152 2474 con·

85 2503 223 2568 firmatur,
237 2521 287 2554 cera
301 2503 386 2554 bellum
401 2508 477 2566 cient,
493 2503 574 2574 090110
586 2515 650 2555 mota
658 2523 765 2573 prognem
774 2514 863 2566 norat,
875 2520 941 2572 reges
955 2501 1017 2553 betta
1027 2505 1132 2572 peraret.

131 2580 197 2649 389.
210 2581 278 2634 AEm
286 2585 349 2651 jam.
363 2583 442 2634 Fern.
459 2594 487 2634 et
499 2581 600 2634 Isonrd.
614 2581 770 2636 adversante
783 2595 883 2644 metro,
898 2581 972 2635 Graii
981 2583 1042 2650 jan.

131 2661 198 2730 390.
213 2661 303 2715 Animo
311 2665 376 2732 pen‘.
388 2662 466 2714 Fern.
480 2660 581 2714 100008.
595 2660 683 2731 AEgid.
698 2674 727 2714 ut
741 2661 852 2731 Herbip.
863 2674 889 2712 et
898 2661 995 2712 Veneti
1007 2660 1152 2725 Dolriouis,

87 2745 216 2810 animoque
228 2745 300 2810 pari,
324 2739 397 2814 qnod
411 2751 526 2794 metrum
545 2759 599 2792 uon
613 2741 725 2810 patitur.
737 2771 778 2782 -—
797 2741 937 2808 Progenies.
957 2741 1035 2791 Feru.
1050 2737 1154 2790 Isoard.

87 2819 179 2889 AEgid.
195 2822 283 2890 proles.

133 2898 199 2968 393.
220 2901 287 2952 Hine
308 2899 384 2952 illine.
403 2899 544 2952 Tredeoim
567 2898 662 2951 Pariss.
682 2909 712 2952 ut
733 2898 843 2970 llerbip.
864 2900 960 2950 Venet.
982 2910 1007 2949 et
1029 2895 1156 2965 Lugdun.

87 2979 236 3043 ueniente,
259 2992 291 3031 ut
309 2978 385 3031 editt.
408 2979 487 3032 Fern.
507 2976 609 3031 lsoard.
626 2977 714 3048 AEgid.
733 2978 801 3030 Phil.
819 2980 924 3030 Aseeus.
947 2979 1042 3030 Asaut.
1056 2976 1155 3028 habeut

87 3059 146 3110 ltine
158 3070 230 3130 atque
242 3059 303 3111 ltine.
318 3058 423 3111 Fabrio.
442 3058 572 3112 Gummel.
590 3068 617 3111 et
637 3057 797 3110 recentiores
816 3057 870 3108 ltine
886 3057 961 3110 illitae.
981 3057 1042 3108 Duo
1059 3054 1154 3107 Puriss.

89 3135 185 3203 8038,
199 3139 269 3191 8261
281 3178 289 3203 ‚
300 3138 354 3189 ltine
367 3149 438 3209 aeque
449 3138 524 3190 illine.

133 3217 195 3286 394.
213 3217 362 3271 Abscondat.
375 3218 407 3270 10
420 3215 546 3271 undecim
558 3217 654 3270 Pariss.
663 3229 690 3270 et
699 3228 763 3268 vett.
776 3214 851 3270 editt.
863 3216 941 3268 Fero.
952 3213 1053 3268 100008.
1066 3212 1154 3284 AEgid.

87 3296 162 3350 Phll.
177 3303 283 3352 800000.
298 3297 430 3349 abscondit.

133 3377 201 3446 395.
219 3377 319 3445 Erigat.
341 3378 485 3429 Burmann.
506 3374 576 3428 adt.
597 3377 611 3426 1
629 3375 740 3428 Anthol.
761 3376 805 3428 lat.
826 3393 854 3446 p.
884 3373 953 3438 350,
972 3373 1022 3443 legi
1043 3373 1157 3426 malebat

86 3469 190 3526 egerat,
205 3455 268 3510 false
282 3455 474 3508 emendatione.

133 3536 198 3604 396.
224 3535 346 3605 Equestri.
364 3533 527 3605 -Legeuduut
549 3545 625 3604 putat
647 3533 726 3586 Both.
748 3535 840 3604 equino.
866 3533 948 3585 Nullo
972 3529 1081 3602 quidem
1104 3529 1157 3583 alio

87 3615 230 3686 exemplo,
244 3633 324 3684 quam
338 3615 390 3666 hoc
403 3613 492 3666 Nostri
505 3615 582 3677 loeo,
596 3625 697 3665 constat
708 3618 811 3685 equestri
815 3613 877 3681 pede
885 3611 1006 3680 usurpari
1017 3629 1094 3681 posse
1106 3629 1156 3681 pro

87 3714 204 3765 equorum
221 3695 332 3748 calcibus.

135 3773 201 3843 397.
215 3775 268 3836 Et,
283 3779 306 3826 sl
317 3793 393 3836 vers,
411 3786 462 3826 eto.
483 3773 548 3825 Huc
565 3789 626 3826 eum
643 3773 823 3843 superlorihus
845 3783 905 3842 apte
925 3772 1067 3841 ooujnnota
1089 3767 1157 3821 mihi

90 3851 232 3916 videntur,
249 3871 299 3904 neo
314 3867 371 3924 eget
389 3852 517 3906 sententia
529 3853 579 3904 bac
592 3851 687 3906 Bothei
704 3850 906 3906 emendatione:
925 3851 967 3902 En
985 3841 1023 3916 (n'
1035 3869 1094 3900 nero
1110 3869 1159 3900 me-

92 3944 187 3983 tuentes
197 3925 299 4000 nident)
308 3971 317 3994 ,
330 3934 422 4000 Infesta
429 3933 533 4002 fulgent¹
542 3935 620 4001 signu.

136 4010 202 4080 398.
217 4011 345 4064 Subreetis.
363 4012 416 4064 etii
431 4008 524 4072 (8055
541 4024 568 4066 et
582 4011 652 4064 Petr.
672 4015 704 4063 08
723 4006 826 4081 marg.)
841 4012 970 4080 surreptis,
985 4009 1027 4060 vel
1047 4003 1057 4069 (
1066 3997 1157 4072 tots)

92 4089 287 4240 71ιὲἰῖςὲἰῖἰέΗί
305 4087 399 4162 (6377
418 4104 445 4146 et
457 4092 530 4144 8261
544 4088 555 4154 )
572 4085 882 4160 subjectis‚'librnriorunt
896 4090 938 4144 rel
952 4087 1100 4158 ignorantia
1116 4085 1158 4136 vel
