3210 5140
856 317 865 364 l

344 509 416 580 180
531 508 586 577 IN
605 506 900 576 ¹HERCULEM
926 509 1206 580 FURENTEM

340 642 411 693 tiunt
421 650 508 690 tamen
521 635 597 690 editt.
610 638 705 691 Arent.
718 635 797 690 Visn.
807 637 877 691 Petr.
892 637 994 694 rshstc.
1006 639 1168 712 Rspheleng.
1182 640 1313 695 Commel.
1324 639 1402 695 Grut'.

340 719 424 774 Scrir.
439 717 517 770 Farn.
535 729 562 770 et
573 717 656 790 Tbys.
670 717 699 770 in
714 716 783 771 banc
797 716 939 770 lectionem
954 737 979 790 q.
993 739 1022 790 p.
1039 731 1102 771 term
1118 732 1194 771 isaer
1209 723 1301 777 smnts'
1312 721 1400 784 edidit,

341 817 400 872 qun
412 798 522 869 insuper
532 795 655 850 firmetur
665 795 723 850 MS.
737 808 829 850 nostro
843 795 930 864 8036,
941 796 969 849 in
981 817 1034 869 quo
1047 819 1072 871 q.
1081 819 1110 870 p.
1125 811 1189 852 term
1199 811 1276 852 mater
1286 815 1402 853 errantem

340 878 423 931 edidit.
439 876 591 931 Gronovius
606 876 674 929 hanc
690 876 773 946 ipsam
788 881 814 928 in
831 875 949 930 Florent.
963 877 1079 940 invenit,
1093 878 1145 931 nisi
1159 877 1232 950 quod
1247 893 1341 932 mre
1353 900 1401 951 pro

339 961 432 1010 urenti
443 955 612 1008 scriberetur.
625 957 712 1008 Versu
726 956 764 1008 sic
777 955 904 1026 castigato
920 955 989 1008 nibil
1001 958 1097 1010 clarius
1112 971 1139 1010 et
1152 959 1326 1029 probabilius.

380 1037 446 1100 454.
460 1036 525 1089 Num
539 1048 652 1087 monstro.
666 1033 784 1099 Quidsrn
796 1054 843 1087 non
856 1048 970 1098 monstro,
982 1037 1083 1090 sublata
1095 1037 1317 1108 interrogatione;
1330 1036 1401 1109 quod

339 1131 365 1170 et
380 1116 442 1168 ferri
475 1127 543 1168 uest.

382 1134 537 1264 tiliacllupis
547 1213 631 1246 asses.
646 1194 769 1246 Universi
781 1193 857 1248 MSS.
871 1193 966 1246 Parias.
977 1207 1004 1248 et
1013 1213 1105 1248 omnes
1119 1194 1151 1250 ad
1165 1213 1245 1250 unsm
1256 1194 1331 1248 editt.
1343 1209 1403 1250 aute

338 1275 506 1330 Gronovium
526 1272 653 1325 exhibent
670 1293 763 1334 οπως
780 1272 854 1344 quod
869 1271 977 1344 quidem
995 1287 1022 1327 et
1038 1276 1082 1327 ille
1101 1276 1243 1344 probabat,
1265 1302 1277 1323 ι
1288 1276 1325 1328 sic
1340 1276 1401 1329 slibi

337 1368 409 1409 recte
428 1353 556 1424 scriptum
576 1371 716 1404 occurrere
734 1350 762 1404 in
783 1353 824 1404 his
844 1351 976 1422 tragoediis
988 1381 1011 1407 ι.
1029 1355 1151 1406 Attamen
1172 1373 1205 1406 ex
1222 1355 1335 1406 Etrusco
1354 1375 1401 1408 suo

339 1431 415 1486 Idoeoe
428 1433 606 1504 exprompsit,
619 1430 692 1502 quod
705 1431 795 1484 nullus
808 1432 873 1484 alius
887 1432 955 1484 liber
967 1434 1007 1485 vel
1021 1451 1129 1485 excusus
1141 1434 1182 1486 rel
1196 1453 1275 1486 manu
1289 1435 1402 1505 scriptur

339 1515 435 1577 habet,
450 1510 525 1584 quod
541 1529 590 1564 nec
606 1510 684 1562 metri
701 1512 840 1564 necessitas
854 1527 903 1564 nec
919 1528 1010 1564 aensua
1030 1511 1144 1583 dignitas
1160 1512 1318 1584 requirunt,
1333 1525 1359 1566 et
1373 1515 1402 1566 in

338 1606 439 1648 testum
454 1591 578 1656 immisit,
597 1591 777 1662 superstitiosa
795 1590 873 1646 unius
892 1589 991 1643 codicis
1010 1592 1157 1644 reverentia
1174 1591 1332 1668 ludilicatrrs.
1348 1593 1402 1658 Qui

339 1673 421 1728 secuti
442 1684 505 1724 sunt
524 1667 653 1733 editores,
670 1689 725 1722 non
745 1670 835 1722 minus
853 1670 882 1722 in
902 1669 1085 1735 Gronovium,
1103 1689 1183 1742 quam
1203 1672 1354 1726 Gronovius
1371 1673 1400 1724 in

337 1749 694 1820 Florentinummbsequiosi,
704 1749 784 1802 tacito
791 1749 1004 1820 recepereldoeoe,
1013 1751 1063 1802 nisi
1070 1747 1144 1821 quod
1152 1749 1252 1805 Baden.
1260 1752 1288 1806 in
1295 1751 1401 1822 specim.

340 1829 522 1904 reponendum
541 1849 617 1882 aaa
632 1829 777 1895 censuerit,
793 1829 868 1881 Idoeoe
885 1847 935 1900 pro
950 1829 1105 1898 glossemate
1120 1832 1180 1900 jure
1195 1831 1335 1902 accipiens.
1351 1833 1401 1884 lle·

340 1913 472 1965 cnrrimus
487 1922 513 1961 et
526 1927 574 1961 nos
589 1907 623 1960 sd
638 1921 753 1962 veterem
770 1909 927 1971 lectionem,
941 1907 1065 1961 codicum
1078 1910 1235 1963 auctoritate
1245 1910 1402 1974 subnixam,

339 1989 513 2061 eamdemque
528 2007 606 2040 sensu
621 1989 748 2059 optimam
762 2008 772 2040 :
788 2005 851 2040 nant
863 2007 934 2038 exesa
950 2007 1019 2059 rupes
1034 2009 1084 2060 pro
1101 1990 1145 2041 vili
1160 2003 1185 2041 et
1200 1990 1310 2060 ignobili
1327 2003 1402 2042 antro

338 2072 466 2142 ponitur,
483 2065 556 2120 unde
572 2081 660 2120 tamen
673 2069 779 2138 Jupiter
795 2068 824 2118 in
837 2084 967 2120 summum
983 2069 1038 2121 caeli
1055 2081 1081 2121 et
1096 2081 1227 2122 terrarum
1244 2067 1402 2121 dominatio·

339 2169 400 2204 nem
413 2148 509 2211 erasit3
525 2148 600 2218 cujus
613 2147 726 2218 exempli
740 2147 877 2199 mentione
892 2146 1026 2218 aptissime
1043 2149 1117 2220 Lyoo
1130 2146 1320 2218 respondetur,
1335 2149 1402 2218 obji-

339 2229 420 2283 cienti
431 2227 571 2280 Herculem
582 2227 670 2296 gravis
682 2227 710 2278 in
721 2227 807 2297 prims
818 2237 892 2278 setate
902 2226 995 2279 tulisse
1007 2228 1082 2280 mala.
1095 2227 1154 2279 lloo
1165 2227 1197 2280 ad
1210 2227 1402 2299 repudiandum

340 2310 415 2362 Idoeoe
423 2305 554 2370 sufficiat,
563 2303 636 2376 quod
646 2305 803 2358 sententiam
813 2307 902 2376 potius
912 2320 1017 2376 premat
1026 2325 1105 2378 quam
1117 2305 1232 2378 adjuret.
1243 2306 1319 2360 Adde
1329 2306 1402 2379 quod

340 2390 368 2442 in
389 2385 481 2440 Nostri
494 2385 621 2438 Pbosnisa.
643 2383 715 2454 359,
730 2382 823 2437 eadem
841 2399 961 2438 occurret
976 2383 1079 2439 dictio:
1101 2387 1216 2439 -Lrtebu
1231 2387 1307 2458 rupis
1323 2407 1402 2440 exeras

340 2485 413 2520 eno.
430 2491 440 2512 s

383 2549 448 2609 466.
465 2544 565 2596 Factus.
583 2543 737 2614 Corrigebat
751 2543 809 2596 Nic.
827 2544 918 2598 Heius.
930 2558 1030 2614 pactus,
1047 2557 1224 2616 prepostere,
1238 2559 1267 2597 ut
1284 2547 1349 2600 solet
1362 2545 1403 2598 vir

373 2644 401 2677 re
429 2643 467 2676 us.

339 2644 372 2696 ‘fl
384 2645 449 2774 4817.
463 2703 596 2775 Fabiique.
610 2704 642 2754 In
656 2703 712 2756 MS.
725 2715 816 2756 nostro
831 2707 917 2768 8024,
923 2705 1052 2775 fluitque.

384 2790 450 2853 471.
462 2783 539 2835 Mirm
543 2783 657 2848 ferocem,
672 2794 722 2836 etc.
736 2783 819 2854 Lipsii
828 2784 896 2836 liber
908 2784 980 2836 hunc
989 2802 1092 2837 versum
1106 2783 1140 2836 sd
1150 2781 1283 2853 Amphitr.
1296 2784 1404 2854 regerit,

342 2865 395 2917 boc
411 2860 493 2916 modo
509 2880 515 2914 :
535 2861 630 2915 -rtisrs
647 2862 665 2914 l.
680 2863 708 2914 b.
723 2861 741 2914 f.
755 2881 893 2933 premens,
906 2863 969 2916 Non
984 2863 1114 2917 erubescit
1129 2863 1248 2916 Bacchus
1262 2889 1290 2928 ι,
1303 2875 1352 2915 etc.
1367 2863 1404 2914 ita

343 2956 374 2996 ut
390 2941 424 2994 de
438 2941 543 2994 Baccho
556 2939 660 2994 dicatur
674 2940 747 3012 quod
768 2943 796 2995 in
813 2943 918 3014 rulgsts
931 2940 965 2994 de
979 2942 1102 2996 Hercule.
1120 2941 1189 3008 Sed,
1201 2954 1232 2994 nt
1247 2943 1403 2996 Commelin.

343 3035 370 3076 et
385 3022 464 3075 Grnt.
485 3018 650 3074 considerate
667 3020 926 3086 animadverterunt,
945 3049 956 3068 ·
969 3034 1064 3092 prester
1078 3040 1233 3074 consensum
1251 3019 1328 3074 codd.
1345 3041 1404 3074 om·

342 3102 435 3165 nium,
448 3107 519 3154 vetat
530 3099 710 3172 epithetorum
721 3099 858 3154 dirersitss
870 3119 876 3152 :
889 3099 1028 3172 quomodo
1040 3102 1110 3153 enirn
1124 3115 1203 3153 tenero
1213 3101 1319 3154 Baccho
1331 3101 1405 3153 iron-

343 3195 396 3236 tem
405 3183 510 3248 ferocem
523 3179 688 3233 tribuamus?
703 3205 714 3226 s

385 3262 451 3332 473.
468 3261 520 3314 Nec
536 3279 616 3312 manu.
632 3259 688 3312 MS.
703 3259 785 3312 Paris.
802 3259 894 3329 6395,
908 3279 955 3311 usn
971 3279 1049 3312 manu.

387 3347 451 3411 474.
471 3339 582 3392 Vibmrs.
601 3340 633 3390 ln
653 3339 789 3391 nonnullis
806 3340 928 3400 vibrans,
948 3337 1022 3410 quod
1042 3337 1175 3410 scripsisse
1192 3338 1313 3392 librarios
1328 3351 1406 3410 putat

343 3419 408 3474 Bud.
425 3421 453 3472 in
468 3419 635 3491 Specimine,
650 3437 716 3471 sono
730 3417 903 3489 precedentis
918 3419 991 3470 serbi
1003 3422 1116 3488 sparsisse
1130 3411 1247 3480 illectos!

386 3499 448 3570 475.
465 3498 552 3570 Syma
571 3498 703 3550 barbarico.
723 3498 874 3568 Elegantius
891 3498 1031 3560 barbarico,
1052 3515 1131 3568 quarn
1147 3497 1220 3570 quod
1235 3498 1264 3549 in
1282 3497 1360 3550 MSS.
1379 3511 1407 3551 et

345 3591 406 3631 rett.
423 3576 484 3630 cdd.
498 3579 603 3648 legitur,
619 3577 774 3630 barbaricum.

384 3661 446 3728 476.
462 3659 563 3710 laxari.
578 3657 671 3710 Monet
685 3657 821 3710 Pontanus
838 3657 866 3709 in
880 3656 1038 3710 Cruseriano
1053 3653 1143 3710 codice
1156 3657 1207 3728 legi
1224 3657 1325 3719 lassari,
1341 3657 1407 3709 scri·

345 3749 421 3806 ptum
434 3749 460 3788 et
473 3734 505 3788 ad
520 3755 601 3807 marg.
614 3736 678 3790 odit.
693 3737 763 3788 Petr.
779 3748 805 3788 et
819 3735 847 3788 in
859 3735 917 3788 MS.
934 3737 1020 3790 8030.

383 3821 449 3886 477.·
465 3815 521 3866 Hor
534 3817 632 3889 Euryti.
647 3817 688 3867 lta
700 3815 728 3867 in
742 3813 895 3886 quindecim
908 3815 982 3868 MSS.
994 3816 1091 3868 nostris
1103 3809 1185 3876 (inter
1198 3833 1267 3886 quos
1279 3813 1408 3868 adnume-

342 3912 430 3947 rsmus
444 3897 520 3957 8004
535 3895 581 3964 qui
595 3895 639 3946 lios
650 3895 748 3966 Erycis,
762 3907 789 3948 et
803 3897 875 3949 8032
893 3896 938 3965 qui
954 3899 999 3946 teos
1010 3891 1121 3960 Eurici);
1132 3895 1169 3948 its
1181 3895 1209 3946 in
1225 3894 1349 3947 omnibns
1362 3912 1409 3946 ex-

342 3974 411 4027 cusis
425 3985 487 4026 snte
501 3973 592 4026 Jacob.
610 3975 788 4028 Gronovium.
803 3975 908 4027 Primus
921 3973 1012 4028 Delrio
1024 3969 1141 4043 (1594),
1153 3972 1228 4045 quod
1241 3974 1269 4027 in
1284 3975 1408 4044 Mogont.

344 4055 468 4106 Teutsntr's
479 4064 580 4104 testatur
591 4054 739 4119 inveniret,
752 4052 949 4107 emendandum
964 4054 1081 4108 fortassis
1097 4055 1251 4106 Teuthrantis
1263 4053 1306 4104 isac
1311 4056 1412 4120 fatetur

336 4133 527 4203 pronuntiarit.
546 4132 677 4188 Gruterus
692 4151 799 4205 quoque
817 4134 943 4186 erravisse
959 4133 1072 4204 putabat
1088 4133 1228 4194 Senecam,
1245 4132 1334 4204 posito
1351 4133 1409 4186 Eu·

333 4223 394 4283 tyto
410 4229 459 4282 pro
472 4211 597 4283 Thespio.
615 4212 722 4268 Scilicet
739 4226 851 4285 uterque
865 4213 970 4266 volebat
982 4213 1010 4266 in
1028 4231 1078 4266 rss.
1096 4220 1153 4282 ⁴77
1167 4226 1193 4266 et
1212 4215 1267 4282 478
1282 4231 1364 4265 unum
1378 4224 1407 4264 et
