3118 5138
311 544 374 610 DE
397 543 582 612 SENECAE
605 541 890 611 TRAGOEDIIS.
1069 537 1136 630 cxij

69 671 258 752 Octaviam,
279 671 477 759 amplissima
495 671 702 754 Adversaris,
727 694 801 760 puae
828 670 896 735 loco
923 671 1141 734 commentarii

71 797 129 839 esse
140 789 287 864 possunt.
309 777 367 840 Ex
392 775 576 841 bibliotheca
598 777 736 842 Martini
752 777 886 840 Antonii
902 775 1029 839 Dextro
1047 777 1075 840 J.
1096 777 1136 840 C.

70 883 170 946 llunc·
188 883 324 946 titulum
351 883 470 971 excipit
497 883 532 946 in
557 881 803 972 aversa-pagina
827 883 960 946 Summa
982 880 1138 970 privilegii

72 987 212 1076 Philippi
221 988 271 1068 11,
284 987 377 1076 Hisp.
391 989 485 1077 regis.
497 990 584 1052 Tum
601 988 862 1076 promittuntur:
881 984 915 1050 t⁰
929 985 981 1051 Ad
997 987 1138 1076 ampliss.

72 1093 194 1174 virum,
218 1085 498 1180 clarimimumqu'e
523 1093 550 1156 J.
570 1094 605 1157 C.
624 1092 706 1157 Lud.
722 1093 848 1168 Balsio,
875 1092 1011 1182 Regium
1035 1093 1140 1156 consi·

73 1197 213 1278 liarium,
232 1196 482 1285 libellorumque
499 1197 683 1286 supplicum
699 1198 907 1286 magistrum,
924 1212 985 1262 etc.
1002 1196 1137 1261 Hieron.

76 1303 181 1366 Delrio
197 1303 362 1392 praefatio,
378 1302 451 1368 data
469 1303 668 1368 Salmantica
690 1327 718 1368 a.
738 1303 771 1368 d.
790 1297 842 1368 Ill
856 1303 927 1368 Kal.
944 1303 1038 1368 Febr.
1051 1295 1139 1366 anno

77 1409 126 1472 sal.
148 1407 246 1494 1574.
270 1407 308 1472 2⁰
324 1409 535 1474 Diversorum
550 1407 592 1473 ad
609 1411 789 1474 Antonium
810 1409 961 1474 carmina.
987 1405 1024 1472 3⁰
1043 1409 1139 1473 Mart.

73 1515 147 1577 >Ant
165 1514 278 1578 Delrio
305 1512 346 1577 ad
374 1515 526 1579 lectorem
543 1509 714 1602 ¹praefatio²
735 1515 808 1579 data
835 1514 970 1594 Lovenii
993 1537 1021 1578 a.
1042 1512 1074 1590 d.
1096 1501 1141 1577 IV

80 1616 120 1680 ld.
138 1619 226 1683 Sext.
250 1617 345 1706 1571.
371 1615 409 1696 4⁰
424 1618 583 1685 Praeludia
598 1619 745 1707 quaedam
768 1618 809 1687 de
832 1618 998 1708 uagoedia‚
1015 1619 1142 1708 tragicis

81 1740 108 1786 et
125 1724 248 1788 senem
270 1722 560 1812 tragoediographo.
587 1724 663 1788 Haec
690 1727 838 1812 sequitur
863 1738 970 1788 textus
998 1723 1142 1804 senecae,

82 1851 147 1891 cum
159 1827 358 1892 Adversariis
376 1829 555 1911 Delrionis,
579 1831 612 1892 in
630 1830 774 1919 margine
796 1844 902 1894 textus
928 1845 960 1892 et
983 1828 1066 1892 infra
1085 1851 1144 1916 po·

82 1933 150 1997 sitis
165 1935 211 1997 -ln
231 1955 376 2021 quorum
392 1932 457 1998 fine
471 1933 603 2022 legitur:
624 1964 637 1990 «
648 1933 710 2001 Hic
725 1949 774 1998 cst
788 1929 861 2006 linis
876 1932 1144 2006 Adversariorum

83 2037 111 2100 iu
125 2059 240 2102 omnes
255 2039 386 2102 Senecae
402 2039 581 2127 tragoedias.
605 2040 689 2102 Laus
714 2038 756 2101 sit
777 2037 919 2101 Domino
938 2053 1051 2102 nostro
1067 2039 1143 2102 lesu

84 2141 222 2224 Christo,
241 2145 336 2225 cujus
347 2166 431 2232 ope,
447 2144 581 2224 auxilio,
596 2164 684 2207 anno
700 2143 810 2207 salutis
829 2158 947 2207 nostrae
962 2165 1144 2227 ototatxxr,

85 2250 174 2313 atatis
198 2271 279 2313 vero
303 2273 382 2312 meae
404 2249 499 2331 XIX,
519 2247 707 2330 desinente,·
722 2271 757 2312 ea
777 2249 886 2343 exegi,
906 2265 1018 2339 postca
1034 2264 1140 2315 tamen

86 2357 183 2443 paucis
200 2354 401 2444 quibusdam
419 2354 535 2421 additis
550 2349 661 2420 eadem
673 2356 845 2444 recognovi
855 2381 865 2438 ς
877 2358 1054 2443 utrumque
1069 2355 1144 2418 sub-

87 2462 185 2526 secivis
213 2477 345 2526 tantum
371 2459 476 2542 horis3
501 2460 582 2526 adeo
610 2477 647 2525 ut
672 2462 863 2526 exactiorem
889 2460 1086 2550 diligentiam
1108 2461 1142 2524 in
1183 2503 1188 2512 ·

87 2565 119 2628 iis
133 2566 254 2654 requiri
270 2567 422 2653 iniquum
438 2565 503 2630 sit:
523 2564 770 2653 qualiacumque
788 2565 854 2628 sint
876 2587 972 2628 sacrae
990 2566 1144 2628 Romanae

87 2671 224 2736 Ecclesiae
245 2687 279 2736 ct
305 2670 477 2736 doctorum
502 2671 674 2738 hominum
698 2692 840 2735 censuroe
863 2670 913 2744 illa
934 2669 1087 2752 subjici03
1103 2670 1144 2733 ab

88 2775 204 2841 illorum
229 2777 391 2842 sententia
413 2777 454 2840 ad
475 2777 555 2842 alios
569 2776 694 2857 judices
712 2798 880 2863 nunquam
897 2791 1142 2863 provocaturus.

88 2881 235 2948 llartinus
251 2883 416 2947 Antonius
432 2883 574 2946 Delrio».
584 2871 745 2946 Volumen
762 2881 883 2945 claudit
894 2865 1144 2946 Nomenclatura

88 3003 267 3071 auctorum,
285 3009 427 3074 quorum
446 2987 563 3075 scripta
579 2986 612 3049 in
631 2986 681 3050 his
701 2985 895 3050 Adversariis
911 3001 968 3068 aut
983 2986 1144 3049 illustran-

90 3107 152 3174 tur,
178 3106 237 3156 aut
259 3090 495 3173 emendantur,
521 3108 577 3156 aut
603 3091 760 3173 citantur;
783 3113 858 3154 cum
883 3091 1142 3178 subscriptione:

91 3198 261 3287 Antaerpt'oe
289 3197 468 3262 excudebat
495 3197 730 3292 ¹Citrt'stopltorus
761 3196 927 3260 ruamus
957 3195 1146 3283 Archippo·

89 3303 220 3390 groplus
240 3303 376 3390 Regius,
392 3325 477 3366 anno
494 3301 663 3368 MDLXX
665 3302 698 3364 V
696 3301 721 3366 l.
751 3300 944 3365 Doctissima
970 3315 1047 3363 sunt
1073 3301 1149 3362 Del-

90 3406 180 3470 rionis
195 3405 405 3490 Adversaris,
420 3408 452 3472 in
471 3406 590 3495 quibus
607 3423 791 3494 temporum
808 3405 926 3485 injuria
940 3397 990 3470 vel
1003 3403 1149 3468 librario-

90 3533 155 3575 rum
173 3513 300 3576 incuria
322 3510 495 3576 mendosos
513 3528 614 3600 poetae
637 3512 724 3574 locos
746 3510 829 3576 bene
849 3509 969 3574 multos
984 3508 1060 3573 satis
1077 3509 1148 3573 feli·

76 3617 163 3680 citer
178 3616 340 3697 restituit;
358 3640 425 3681 non
448 3617 615 3704 pauciores
638 3617 733 3678 etiam
756 3614 894 3681 aliorum
917 3615 1094 3680 temeritate
1115 3632 1149 3679 ct

89 3721 210 3785 inscitia
234 3721 423 3809 depravatos
446 3721 588 3809 pristinae
610 3720 740 3784 lectioni
760 3721 917 3784 asseruit:
935 3742 1149 3806 quaecumque

89 3823 281 3890 difficultatis
298 3827 421 3914 aliquid
440 3826 619 3906 habebant,
637 3825 682 3889 sic
699 3825 864 3913 exposuit,
881 3840 951 3888 uta
968 3826 1082 3911 quovis
1098 3824 1147 3887 fa·

88 3931 145 3994 cile
165 3929 395 4020 intelligantur.
417 3931 631 3996 Praestantiori
657 3931 716 3994 hac
737 3930 787 3994 ed.
806 3948 838 3994 et
854 3953 912 3994 nos
929 3931 977 3993 usi
994 3954 1116 3994 sumus.
1218 3913 1221 3920 ,

122 4117 217 4173 Monet
228 4120 282 4192 ipae
295 4123 386 4176 Delrio
400 4139 476 4174 usum
488 4119 586 4174 Christ.
598 4118 747 4174 Plautinum
759 4119 875 4174 editione
887 4120 1018 4175 Fabricii:
1035 4143 1053 4252 ‘3
1059 4118 1152 4184 liano,

1021 4235 1033 4278 l
