3168 5140
342 530 416 616 sill
623 533 662 600 L.
691 530 868 600 ANNAEI
898 532 1118 602 SENECAE

391 664 480 732 Hinc
495 675 607 757 petere
625 660 723 758 lapsis
739 653 839 732 rebus
857 677 891 732 et
907 662 1014 734 dubiis
1033 689 1141 760 opem.

391 768 501 838 Affixa
519 768 682 838 inhaerent
696 767 799 857 dona,
816 757 947 839 vo‘cales
963 772 1069 857 tubae,

391 877 567 969 Fractiqae
585 899 721 964 currus,
742 874 846 970 spolia
864 879 988 972 Myrtoi
1007 879 1122 956 maris,
1370 909 1407 946 aa

339 1075 405 1129 ibid.
420 1076 470 1146 37,
482 1079 507 1128 ia
519 1077 664 1146 suspensas
675 1097 745 1148 opere
760 1077 849 1129 lstlmi.
894 1075 1078 1148 accipiantur?
1092 1076 1230 1148 Denique,
1240 1095 1301 1148 quas
1312 1089 1351 1131 est
1360 1077 1408 1132 ista

338 1155 853 1228 IntelligeigitarTautalidarumunum·
895 1168 949 1210 tam
975 1155 1098 1223 diutina,
1129 1169 1184 1210 tam
1214 1155 1332 1221 diffusa,
1355 1169 1407 1210 tam

340 1253 491 1307 quemque,
508 1236 555 1288 ubi
573 1233 607 1288 ad
626 1255 719 1290 rerum
738 1235 851 1290 admini·
894 1235 1034 1308 multiplex
1063 1237 1181 1290 nemoris
1206 1237 1331 1301 mentio,
1360 1255 1408 1290 nec

338 1317 494 1370 strationem
507 1316 661 1382 vocabatur,
673 1317 702 1370 in
715 1317 757 1369 bis
770 1315 850 1382 locis,
895 1316 995 1368 mentio
1011 1327 1130 1383 tantum,
1143 1315 1192 1369 sed
1207 1314 1341 1369 industrie
1355 1317 1405 1369 ela·

340 1395 359 1449 i.
378 1415 402 1448 e.
418 1395 447 1448 in
461 1396 514 1449 boc
535 1414 659 1460 nemore,
674 1395 790 1467 auspicia
805 1415 849 1449 su·
891 1396 985 1449 borota
1001 1395 1185 1464 adumbratio,
1196 1397 1218 1449 si
1233 1395 1318 1449 scelus
1329 1396 1405 1448 Atrei

339 1493 412 1528 mere
425 1473 619 1546 solimm.Virg.
630 1477 765 1541 AEn.vll,
779 1474 849 1546 173:
893 1493 949 1528 non
966 1475 1011 1529 hic
1030 1473 1211 1548 peragendum
1226 1487 1264 1530 est
1278 1488 1305 1528 et
1319 1475 1406 1528 infan-

345 1581 356 1602 ι
369 1553 420 1608 llic
438 1568 540 1627 sceptra
557 1557 688 1626 accipere,
707 1567 734 1609 et
749 1555 850 1626 primos
893 1553 928 1608 da
937 1573 1073 1610 sacrorum
1087 1555 1230 1609 celebratio
1243 1567 1270 1608 et
1288 1553 1407 1608 inauditi

342 1633 463 1688 attollere
469 1634 548 1689 lasoes
555 1634 673 1706 Regibus
679 1654 758 1689 omen
764 1647 846 1688 erat·
893 1635 1011 1688 convivii
1026 1634 1187 1707 apparatus?

382 1714 449 1769 658.
471 1716 557 1785 Lapsa
583 1714 658 1767 rebus.
680 1713 745 1768 Vid.
770 1715 852 1771 llere.
935 1718 1002 1769 660.
1024 1715 1153 1787 Fractiqoe
1171 1733 1268 1776 cmm,
1291 1725 1340 1766 etc.
1358 1714 1405 1766 ln·

342 1795 473 1859 laudib.
552 1797 562 1814 ‘
893 1791 1407 1866 terpretatanarnab.currusOEnomai

382 1874 449 1944 659.
464 1873 554 1945 Affim
567 1875 682 1928 labarent
694 1875 767 1928 dona.
783 1873 850 1926 am·
894 1886 922 1928 et
933 1875 1046 1945 Pelopis.
1058 1875 1098 1927 lle
1110 1893 1193 1927 curru
1205 1871 1310 1944 Pelopia
1321 1873 1407 1926 fracto

342 1966 441 2024 guntur
455 1955 545 2007 arbori
557 1971 686 2019 munera,
697 1955 749 2008 loci
763 1955 851 2008 numi·
894 1953 971 2008 scirit
991 1953 1104 2007 Farnah.
1123 1951 1196 2026 quod
1211 1965 1283 2007 certe
1298 1965 1406 2008 eeteros

341 2033 422 2086 uibus
439 2045 596 2088 consecrata.
611 2035 687 2107 Virg.
704 2039 765 2088 AEn.
780 2035 852 2098 Vll,
895 2033 990 2101 lateat,
1001 2053 1063 2088 nam
1072 2033 1140 2086 nihil
1153 2033 1204 2086 tale
1215 2033 1244 2085 in
1259 2031 1355 2085 labalis
1367 2051 1407 2084 re-

344 2112 397 2166 183
416 2130 422 2165 :
447 2114 607 2187 «Multaque
628 2127 754 2186 praterea
772 2113 852 2168 sacris
895 2114 1012 2185 peritur;
1033 2113 1079 2168 sed
1095 2131 1129 2166 ne
1141 2111 1178 2180 ad
1195 2112 1329 2166 OEnomai
1349 2111 1407 2182 qui·

342 2192 371 2244 in
383 2193 503 2263 postibus
517 2212 603 2256 arma,
612 2193 717 2265 Captivi
732 2193 852 2266 pendent
895 2192 957 2248 dem
972 2211 1068 2246 currus
1079 2193 1159 2246 verba
1173 2192 1277 2246 Seneca
1288 2203 1407 2263 spectare

341 2274 852 2346 currus,curvaquesecures,Etcristas
895 2274 1022 2336 arbitror,
1044 2283 1157 2344 propter
1174 2272 1311 2342 sequentia
1331 2271 1407 2341 spolia

342 2352 480 2422 capitum,
512 2365 540 2407 et
568 2365 707 2424 portarum
736 2353 852 2424 ingentia
895 2351 1406 2426 Myrtoimaris.VersusVictoeqaefialss's,

341 2431 470 2498 claustra,
492 2432 669 2504 Spiculaque,
691 2433 850 2504 clypeique,
895 2445 946 2486 etc.
967 2433 1124 2498 manifeste,
1146 2433 1247 2496 fateor,
1262 2430 1295 2482 ad
1318 2430 1408 2483 OEno·

325 2513 484 2583 'ereptaque
511 2525 599 2565 rostra
621 2512 728 2566 carinis.
742 2537 753 2559 ι
771 2510 852 2565 ovid.
896 2513 947 2565 mai
962 2511 1064 2566 cladem
1077 2511 1184 2583 respicit
1200 2507 1251 2574 (de
1265 2528 1317 2581 qua
1332 2529 1406 2582 supr.

341 2589 540 2657 Metamlllll,
554 2591 628 2662 743:
644 2591 758 2644 ‹snbst
772 2591 799 2644 in
810 2591 852 2646 bis
895 2611 921 2646 ν.
940 2589 1026 2662 ι39),
1045 2589 1090 2644 sed
1100 2593 1181 2660 fracti
1199 2610 1283 2643 curras
1300 2587 1334 2642 ad
1349 2607 1407 2642 eam

341 2670 434 2741 ingens
441 2689 541 2724 annoso
548 2672 648 2724 robore
655 2671 852 2742 quercus,Una
895 2691 952 2724 rem
973 2684 1092 2742 spectare
1113 2689 1169 2723 uon
1184 2683 1287 2743 potest,
1300 2669 1351 2722 nisi
1366 2669 1406 2721 in·

341 2768 447 2803 nemus.
465 2751 547 2806 Vitta
559 2749 691 2812 mediam,
708 2767 852 2804 memores·
896 2752 1002 2822 terjecta
1012 2752 1108 2814 verba,
1120 2751 1198 2820 spolia
1212 2751 1305 2820 Myrtoi
1317 2751 1402 2812 ιιιαιιί,

343 2831 396 2900 que
415 2830 532 2897 tabella,
548 2829 674 2900 Sertaque
697 2829 852 2900 cingebant,
896 2829 991 2884 eodem
1006 2832 1174 2885 referantur:
1193 2848 1253 2902 quaa
1267 2840 1406 2900 postquam

341 2909 397 2962 voti
419 2922 573 2981 argumenta
594 2909 719 2981 potentis.
732 2935 743 2956 »
756 2909 853 2964 Gallici
897 2911 970 2964 omni
985 2909 1066 2964 modo
1077 2912 1175 2964 frustra
1186 2909 1369 2962 sollicitaverit
1381 2922 1407 2960 et

341 2988 514 3060 interpretes,
527 2989 574 3061 qui
585 3009 683 3060 quercus
697 2988 853 3058 generaliter
898 2991 1020 3056 torseris,
1039 3002 1069 3044 ut
1089 2991 1178 3044 exeis
1197 3002 1338 3062 cognatum
1360 2988 1407 3040 ali·

343 3070 471 3140 usurpari
478 3088 528 3140 pro
538 3068 668 3140 quercubus
680 3081 854 3140 putaverunt,
897 3068 964 3141 quid
971 3069 1113 3123 OEnomao
1126 3070 1242 3122 etmorti
1251 3071 1308 3140 ejus
1316 3085 1406 3132 eruas,

341 3147 429 3200 locum
453 3147 632 3202 reddiderunt
653 3149 727 3220 quasi
750 3147 853 3220 pende·
896 3149 1014 3220 intellige
1025 3151 1164 3204 uobiscum
1174 3167 1268 3201 currus
1282 3149 1329 3219 qui
1339 3148 1407 3200 inter

342 3240 404 3281 rent
419 3227 497 3298 affixa
510 3227 595 3294 dona,
607 3247 663 3282 nou
679 3229 795 3282 nemoris
806 3248 852 3282 va·
895 3228 1071 3300 preliandum
1085 3228 1237 3301 dissiluere,
1249 3241 1275 3281 et
1290 3227 1407 3280 numini-

343 3319 389 3361 stss
409 3309 513 3373 arbori,
533 3308 580 3364 sed
600 3307 747 3379 parietibus
773 3308 854 3380 regiae
896 3309 946 3362 bus
955 3309 1029 3380 quasi
1038 3307 1209 3362 victoriarum
1219 3319 1407 3370 monumenta,

343 3385 377 3440 de
390 3405 441 3459 qua
454 3407 516 3459 sup.
529 3408 554 3442 v.
570 3389 635 3441 650.
650 3390 685 3440 At
694 3388 716 3440 si
727 3407 769 3442 rea
782 3388 853 3442 intus
896 3406 957 3440 cum
967 3388 1102 3440 vocalibus
1116 3388 1187 3440 tabis
1196 3399 1222 3440 et
1233 3387 1324 3456 spoliis
1332 3386 1406 3456 Myr·

342 3481 479 3536 ageretur,
500 3469 523 3522 si
544 3468 573 3520 in
595 3468 652 3539 ipsa
674 3467 747 3538 regia
768 3480 796 3520 et
819 3469 855 3522 al·
897 3467 1065 3534 toimaris,i.
1078 3467 1241 3520 annualium
1254 3485 1405 3538 pugnarum

341 3545 489 3617 figerentur
503 3561 604 3620 tropaea
616 3559 644 3601 et
665 3559 764 3600 starent
786 3565 853 3614 arse,
897 3547 1020 3618 tropaeis,
1045 3545 1119 3599 suere
1150 3547 1303 3600 consecrati.
1332 3546 1407 3598 Post·

343 3643 391 3678 cur
411 3639 548 3698 postquam
571 3647 585 3680 a
611 3619 729 3681 nemoris
753 3625 853 3680 descri-
896 3645 976 3698 quam
996 3627 1092 3696 Pelops
1107 3627 1134 3680 iu
1152 3625 1273 3678 Pisarum
1295 3643 1405 3695 regnum

342 3705 434 3778 ptione
452 3705 485 3759 ad
502 3707 665 3780 penetralem
685 3706 785 3777 regiam
806 3705 853 3760 de·
897 3705 1030 3759 OEnomai
1045 3705 1105 3758 loco
1125 3704 1302 3769 successisset,
1325 3705 1408 3756 fertur

342 3784 505 3856 pingendam
535 3786 668 3839 revocavit
703 3788 852 3840 orationem
896 3785 1023 3839 finitimas
1041 3804 1133 3838 omues
1151 3795 1241 3856 gentes
1255 3783 1335 3836 aruris
1348 3783 1407 3836 sub-

342 3876 438 3935 poeta,
457 3865 545 3918 subito
567 3863 600 3918 ad
616 3884 711 3920 nemus
729 3865 850 3932 rediret,
896 3866 995 3937 egisse:
1007 3863 1072 3919 inde
1083 3866 1167 3938 spolia
1183 3864 1228 3916 illa
1238 3881 1298 3934 quse
1313 3862 1409 3916 Noster

336 3947 397 4012 sons
409 3956 460 3996 stat
473 3943 516 3996 sab
529 3945 612 3996 umbra
626 3949 723 3998 abab?
737 3947 780 4000 cui
796 3965 851 4000 noa
895 3958 1074 4011 memorat‚et
1084 3965 1142 4017 quas
1150 3946 1177 3998 in
1185 3943 1299 4014 Pelopea
1308 3940 1406 4004 domn,

342 4023 509 4076 manifestum
523 4037 563 4078 est
579 4027 673 4091 eafhas
682 4038 733 4078 stat
744 4027 787 4079 sab
799 4045 850 4080 um·
895 4025 1016 4098 Pelopea
1031 4026 1138 4080 virtutis
1155 4019 1284 4095 insignia,
1300 4041 1407 4076 servan·

343 4103 387 4155 bra
406 4123 460 4158 non
480 4121 557 4174 posse
572 4103 697 4174 intelligi,
716 4107 767 4159 nisi
783 4126 848 4178 prae-
895 4117 960 4172 tur;
975 4105 1048 4177 quod
1060 4105 1190 4176 explicant
1202 4121 1276 4175 seqq.
1291 4103 1408 4173 Hicproe·

341 4181 462 4244 cedentia
471 4182 506 4238 de
518 4191 644 4249 nemore,
656 4203 710 4238 non
724 4184 850 4257 deregia,
894 4187 927 4238 da
951 4187 1065 4248 hostiam,
1089 4198 1138 4239 etc.
1153 4217 1192 4229 -
1211 4183 1294 4254 Spolia
1316 4183 1408 4256 lla-stoi
