3090 5142
393 519 466 615 xxij
587 523 617 588 J.
641 521 771 590 LIPSlI
797 522 858 590 DE
883 523 954 590 ffls
978 523 1253 592 TRAGOEDIIS

390 642 458 705 istis
476 639 588 705 Annaei
604 639 732 704 Senecae
746 662 815 704 esse
825 641 928 705 fateor
944 641 1035 728 (sive
1052 641 1188 706 Lucium
1205 643 1234 706 ei
1252 665 1465 732 prenomen,

390 748 456 811 sive
478 747 625 811 Marcum
643 770 651 811 ι
675 769 751 811 nam
769 747 851 812 liber
874 769 952 812 sane
978 769 1069 812 meus
1092 770 1160 812 uno
1182 748 1256 812 loco
1275 767 1465 838 utrumque

389 853 540 943 ambigue
556 853 742 943 congerit),
758 849 815 917 sed
831 853 960 919 Senecae
974 853 1127 918 novioris.
1144 854 1259 919 Filiine
1276 856 1384 938 illius,
1400 857 1464 943 qui

388 959 629 1047 Philosophus?
644 959 696 1024 vix
711 957 867 1023 arbitror:
887 981 948 1023 nec
966 959 1084 1046 scripta
1102 957 1181 1021 mihi
1206 959 1363 1024 suadeant
1389 976 1462 1023 tam

390 1065 516 1130 bouum
530 1088 644 1129 aevum.
659 1063 787 1143 Trajani
797 1064 952 1151 imperio,
965 1063 1033 1127 imo
1049 1062 1151 1146 infra,
1168 1063 1195 1128 si
1209 1063 1324 1129 vixisse
1340 1087 1466 1153 quem·

392 1193 533 1260 cumque
555 1171 646 1234 hunc
661 1168 815 1234 Senecam
834 1169 961 1251 dicam,
983 1191 1093 1234 avero
1112 1192 1179 1233 non
1197 1170 1305 1235 abibo.
1323 1173 1424 1235 Certe
1442 1194 1463 1234 a

390 1276 488 1340 veteri
508 1276 563 1340 illo
583 1275 664 1340 alius
681 1291 749 1354 est,
777 1274 828 1340 vel
846 1274 981 1340 Sidonio
996 1290 1095 1356 teste,
1116 1275 1208 1355 cujus
1224 1297 1337 1341 versus
1354 1277 1461 1339 inno·

391 1397 482 1446 tuere
505 1404 514 1444 ε

562 1539 684 1604 Quorum
696 1557 766 1593 unus
779 1538 843 1591 colit
856 1535 991 1612 hispidum
1003 1539 1129 1592 Platona:

566 1627 741 1680 orchestram
754 1626 843 1700 quatit
856 1626 923 1681 alter
932 1625 1075 1698 Euripidis.

389 1819 494 1886 Etiam
510 1817 706 1884 Terentiano
723 1841 731 1883 :

564 1981 595 2031 ln
609 1977 713 2050 tragicis
723 1981 837 2051 junxere
849 1976 937 2032 choris
948 1977 1022 2030 hunc
1037 1995 1107 2050 sape
1119 1975 1213 2032 diserti

553 2069 678 2120 'Annuus
691 2067 792 2121 Seneca
805 2077 830 2118 et
843 2065 1005 2138 Pomponiae
1019 2076 1080 2118 aute
1089 2063 1234 2120 secundm

388 2270 471 2334 Nam
493 2267 651 2359 tragicum
669 2268 778 2344 hunc,
795 2289 887 2350 ecoe,
912 2266 1124 2355 posteriorem
1149 2266 1226 2331 facit
1245 2265 1455 2354 Pomponio:

387 2397 485 2464 quem
504 2376 627 2440 clarum
644 2388 693 2439 est
713 2373 827 2438 vixisse
843 2369 959 2438 eodem
983 2397 1060 2438 cum
1078 2372 1242 2463 grandiori
1265 2373 1403 2454 Seneca,
1418 2373 1456 2436 id

385 2496 435 2544 est
443 2479 619 2545 Claudiano
629 2501 709 2543 aevo.
727 2477 826 2562 Quod
839 2493 948 2543 autem
965 2475 1103 2542 dehisce
1114 2475 1275 2568 uagoediis
1289 2478 1453 2560 sentiant,

385 2586 489 2674 liquet
502 2607 542 2648 ex
557 2582 673 2648 eodem
684 2583 898 2663 Terentiano,
914 2582 1000 2671 apud
1017 2605 1115 2670 quem
1130 2604 1241 2647 versus
1260 2605 1335 2646 cum
1352 2583 1455 2648 Sene-

385 2713 430 2755 cae
446 2690 600 2774 nomine,
616 2712 700 2778 quos
718 2688 882 2778 hodieque
900 2688 935 2753 in
954 2688 1096 2754 Hercule
1112 2689 1239 2752 furente
1252 2687 1361 2778 legas:

650 2878 810 2952 Exemplum
823 2889 849 2932 et
863 2878 969 2933 Seneca
980 2878 1071 2934 dabo:

651 2967 770 3021 «Thebis
783 2967 843 3020 leta
856 2965 914 3021 dies
928 2965 1017 3034 adeat,

648 3079 659 3102 ι
671 3056 736 3108 Aras
750 3055 850 3127 tangite
862 3055 1013 3128 supplices:

652 3168 663 3190 ι
676 3142 787 3215 Pingues
800 3139 895 3198 caffltc
908 3143 1040 3198 victimas.
1050 3167 1064 3191 ι

428 3351 459 3414 Is
474 3371 552 3438 ergo
568 3369 654 3412 unus
669 3348 816 3436 scriptor.
836 3349 919 3432 Quis
932 3349 1033 3414 alter?
1048 3347 1145 3414 etiam
1161 3346 1299 3430 Seneca3
1317 3345 1375 3411 sed
1391 3347 1445 3414 ille

287 3451 300 3466 '
384 3458 508 3538 bonus,
524 3456 577 3520 ille
590 3477 691 3520 meus.
709 3455 793 3520 Nam
811 3455 934 3522 Medeae
947 3479 1006 3520 cur
1023 3479 1090 3520 non
1104 3470 1272 3520 auctorem
1287 3453 1377 3518 hunc
1394 3477 1452 3518 au-

385 3560 494 3626 dacter
521 3559 687 3626 tribuam?
714 3560 832 3626 Fabius
855 3559 1009 3649 impellit,
1033 3560 1091 3647 qui
1114 3559 1327 3624 semiversum
1349 3581 1389 3623 ex
1413 3583 1450 3623 ea

387 3667 475 3730 huno
491 3666 586 3730 citat:

696 3813 763 3870 quaa
774 3796 829 3869 poti
841 3807 924 3850 terrae
936 3795 1033 3870 jabet?

385 3980 427 4044 Et
447 3977 579 4067 quidem
597 3977 716 4044 Seneca
732 3994 874 4044 auctore.
891 3977 974 4060 Quis
993 4001 1070 4067 ergo
1090 3975 1170 4042 alius
1186 3977 1307 4042 Seneca
1321 3977 1447 4066 uspiam

384 4085 413 4150 ei
430 4084 627 4166 nominatus,
643 4099 760 4172 preter
771 4099 919 4150 nostrum
929 4081 943 4147 Ρ
953 4084 994 4148 Et
1007 4098 1093 4148 certe
1107 4083 1133 4146 si
1149 4105 1216 4147 non
1229 4081 1320 4146 hunc
1329 4083 1446 4162 voluit,
