3210 5140
293 447 294 450 ’
328 446 398 532 184
504 448 561 520 IN
586 451 888 521 HERCULEM
916 450 1213 520 FURENTEM

364 576 429 640 546.
447 577 589 649 6009101000.
602 579 656 633 Vix
672 579 792 633 Delrioui
809 579 952 645 oemuor,
969 579 1015 650 qui
1033 583 1160 650 suscipiens
1176 580 1204 633 iu
1220 579 1343 652 Moguut.
1359 595 1386 637 et

320 656 432 729 Herbip.
445 659 585 714 inventum
594 660 731 714 tolerabile
741 657 877 731 judicabat
889 677 896 711 :
907 660 968 731 quis
980 659 1051 711 euim
1062 677 1094 712 00
1105 659 1179 713 letio.
1190 673 1271 715 nuctt.
1280 663 1386 733 scripsit

320 754 439 807 uuquam
452 743 569 810 suscepepe
578 744 694 792 victorem
707 758 756 810 pro
766 743 878 790 obturem
890 739 999 808 confiteri
1003 745 1017 788 Ρ
1027 739 1098 809 Lege
1108 757 1170 792 curn
1181 737 1282 793 100006.
1295 740 1384 812 AEgid.

320 817 428 869 Arcem.
441 820 535 873 Arent.
550 831 576 872 et
586 821 685 874 ceteris
697 817 846 872 editoribus
855 821 992 888 suspiciens,
1004 815 1078 890 quod
1091 818 1225 889 aptissime
1236 837 1297 872 cum
1305 824 1385 890 posito

321 913 385 964 penu
398 898 535 950 convenit.

364 975 428 1028 550.
447 977 582 1033 Geminus.
595 981 627 1032 Iu
640 979 718 1032 Fern.
734 992 762 1031 et
775 977 832 1032 MS.
847 980 939 1043 8060,
954 977 1069 1029 timidus.
1285 1033 1290 1052 Ι

367 1054 429 1108 553.
447 1057 557 1110 Timidis.
574 1058 680 1131 Gryph.
700 1069 726 1111 et
746 1059 817 1110 Petr.
833 1058 862 1110 in
879 1075 979 1128 00009,
992 1059 1102 1110 miseris:
1117 1057 1195 1110 Foru.
1215 1069 1242 1111 et
1254 1053 1383 1130 ’110γο100,

324 1135 433 1200 tumidis,
448 1135 522 1208 quod
538 1139 609 1191 Deir.
623 1139 653 1191 10
669 1138 726 1191 MS.
741 1137 792 1208 legi
805 1136 922 1190 monuit.

366 1213 432 1284 559.
446 1216 504 1270 Non
519 1218 668 1271 revocabiles.
683 1220 791 1270 0100000·
809 1218 905 1273 Arent.
916 1215 994 1268 Viun.
1011 1214 1117 1286 Grypb.
1130 1215 1202 1269 Petr.
1216 1215 1320 1270 Febris.
1334 1217 1385 1270 110-

323 1289 397 1364 91001.
411 1295 541 1350 Commel.
557 1298 630 1350 Delr.
645 1297 726 1350 Grut.
738 1296 831 1348 Heius.
844 1295 1015 1348 irrevocabiles.
1029 1295 1082 1346 etii
1095 1296 1265 1360 irremeabiles,
1281 1309 1386 1351 autnon

324 1373 460 1426 renseobiiss
467 1365 516 1442 (sic
525 1368 634 1448 AEgid..)
644 1373 841 1430 Adhaereudum
851 1375 973 1445 vulgetur,
983 1392 1063 1445 90000
1074 1375 1218 1430 vetustiore
1225 1377 1384 1447 exemplaris

325 1465 352 1505 et
368 1454 444 1508 molti
459 1455 536 1510 MSS.
554 1457 689 1510 exhibent.

367 1533 434 1588 560.
449 1535 520 1587 Bello
534 1556 605 1608 quum
614 1548 713 1608 peteres.
731 1535 793 1588 Huc
808 1534 901 1598 lectio,
916 1552 931 1585 0
945 1533 1095 1587 novissimis
1105 1531 1253 1588 editoribus
1265 1548 1385 1608 receptu,

325 1613 442 1666 occurrit
456 1631 563 1686 900900
576 1616 604 1668 10
615 1617 721 1668 Arcens.
734 1617 829 1669 Arent.
844 1614 924 1666 Visu.
936 1613 1041 1684 Grppb.
1054 1614 1125 1667 Petr.
1140 1612 1241 1667 Febris.
1257 1615 1387 1669 Commel.

324 1691 398 1748 Delt-
414 1693 492 1747 Grut.
508 1693 598 1748 Heius.
616 1695 698 1748 Seriv.
713 1695 792 1748 Fero.
806 1693 890 1764 Thys.
907 1705 934 1747 et
947 1694 973 1744 10
989 1692 1046 1746 MS.
1063 1693 1144 1746 Puris.
1159 1692 1291 1748 8030.1n
1306 1695 1386 1748 Feru.

325 1771 393 1826 etin
406 1771 482 1826 MSS.
495 1774 568 1829 8033
580 1788 607 1828 et
621 1778 715 1838 8060,
729 1774 790 1826 bello
801 1793 871 1845 quum
880 1783 1002 1843 petrmntr
1016 1773 1044 1824 in
1057 1771 1159 1825 100006.
1172 1771 1258 1844 AEgid.
1273 1786 1300 1827 et
1311 1773 1388 1828 MSS.

327 1848 421 1919 6395,
441 1852 532 1920 8004,
552 1855 642 1924 8009,
665 1855 752 1918 bubo,
772 1853 832 1904 heuo
851 1871 921 1924 90000
936 1847 1043 1922 pretereo
1059 1851 1086 1902 in
1107 1852 1202 1905 Philol.
1222 1864 1248 1906 et
1263 1850 1388 1907 undecim

328 1931 438 1996 Parius„
452 1932 514 1984 bello
525 1952 596 2004 quum
604 1945 720 2004 peterent.
734 1965 774 1975 --
787 1932 935 1986 Nestoream.
950 1931 1049 1984 Omnes
1062 1931 1137 1984 MSS.
1152 1931 1246 1984 Puriss.
1261 1923 1389 2004 (exceptis

329 2010 401 2064 8030
419 2024 446 2064 et
463 2012 535 2066 8033
545 2048 554 2075 ‚
565 2014 594 2065 in
606 2014 702 2084 quibus
715 2007 875 2075 Nestorieem)
884 2010 982 2064 hebent
994 2011 1145 2074 Nestorium,
1162 2011 1232 2064 010οῑ
1245 2011 1309 2065 066.
1324 2026 1389 2067 vett.

329 2102 355 2142 et
369 2091 426 2160 1900
440 2091 571 2145 societatis
584 2093 691 2163 Bipont.
706 2089 771 2143 edit.
786 2090 977 2162 specimenque
989 2089 1088 2143 baden.
1101 2091 1206 2144 Primus
1219 2091 1322 2144 Fnbrio.
1338 2093 1389 2145 Ne·

328 2182 429 2222 stoream
443 2171 550 2238 intulit,
563 2171 636 2243 9006
651 2169 749 2224 601060
762 2171 834 2223 11010.
849 2161 1053 2237 (0594)Ηο100.
1068 2169 1152 2224 Scrir.
1167 2171 1246 2224 Fnru.
1262 2172 1345 2244 Tbys.
1363 2184 1391 2225 et

328 2250 417 2302 0001001
428 2248 543 2304 editores
555 2269 723 2322 assumpsere.
736 2251 815 2303 Mart.
827 2249 882 2313 lx,
894 2250 929 2302 30
942 2267 949 2303 :
965 2249 1080 2302 «Secula
1092 2249 1228 2303 Nestorem
1238 2268 1389 2321 900000000,

329 2328 454 2395 Philoni,
469 2344 587 2384 senectn.
601 2359 612 2379 s
629 2331 693 2383 Stat.
710 2329 774 2383 Silv.
789 2331 817 2393 1,
832 2327 904 2395 3,v.
924 2348 977 2382 tto
994 2347 1000 2381 τ
1021 2329 1130 2382 ·Finesn
1145 2329 1280 2383 Nestorem
1293 2349 1391 2403 precor

329 2406 465 2478 egrediere
474 2424 614 2475 senectus,
626 2427 783 2482 9000090000
796 2409 826 2462 10
837 2407 973 2461 0000011ἰο
981 2407 1142 2462 editionibus
1150 2409 1270 2463 Nestorius
1280 2409 1388 2481 legetur.

330 2487 428 2543 Noster
439 2489 467 2540 iu
481 2489 564 2563 Hipp.
581 2497 634 2543 810
649 2511 655 2542 :
678 2491 817 2543 «Castores
833 2489 958 2542 mobilior
972 2507 1061 2540 manu.
1071 2513 1082 2535 ι

371 2569 436 2622 666.
455 2571 572 2622 Tristibus
585 2573 676 2638 inseris.
690 2572 808 2622 Vetustse
820 2567 882 2621 edd.
895 2569 973 2620 Feru·
985 2566 1085 2621 Isuttrd.
1097 2567 1184 2638 AEgid.
1200 2569 1270 2621 Phil.
1284 2573 1390 2623 Asceus.

330 2665 391 2700 cum
406 2649 529 2702 omuibus
541 2651 619 2704 MSS.
634 2653 709 2701 tristis
722 2662 746 2700 et
761 2651 857 2716 01010νὶ0,-
868 2646 942 2719 9006
953 2666 1122 2718 reponerem,
1134 2647 1185 2699 uisi
1198 2649 1308 2719 propius
1323 2647 1393 2718 edja-

331 2740 403 2781 oeret
414 2730 525 2800 repetitu
537 2730 703 2802 conjunctio,
715 2741 739 2780 et
749 2731 830 2781 mortis
841 2729 956 2788 dominos,
972 2731 1087 2780 ...tristis
1099 2739 1122 2777 et
1134 2729 1222 2796 inseris,
1231 2740 1298 2782 ...et
1308 2733 1392 2781 insius.

329 2807 405 2860 Nihil
418 2806 526 2879 quidem
538 2810 571 2864 iis
584 2828 692 2862 moveor
704 2827 764 2880 quse
776 2808 930 2861 Gronovius
942 2819 1033 2860 00000
1046 2807 1159 2878 priscum
1171 2806 1240 2860 hene
1252 2807 1398 2860 lectionenu

329 2885 447 2949 disserit,
465 2907 561 2962 nempe
582 2890 663 2942 eialso
678 2887 732 2941 diei
749 2889 837 2941 100000
855 2906 911 2940 esse
926 2887 1027 2940 tristem
1042 2886 1393 2958 10010010,01019001001010

331 2981 357 3020 et
368 2968 509 3038 improvisu
520 2970 652 3040 contingit
663 2996 674 3018 ι
684 2987 692 3034 ;
703 2987 777 3033 nam,
790 2965 862 3020 unde
874 2967 1008 3037 colligitur
1017 2984 1074 3018 0000
1086 2984 1140 3018 000
1152 2967 1210 3018 fore
1222 2967 1391 3038 improvisum

329 3047 431 3113 lucem,
447 3067 526 3118 quem
543 3049 668 3102 Hercules
683 3047 813 3100 Plutoniis
830 3047 917 3119 reguis
931 3046 1056 3108 inferret,
1074 3058 1101 3098 et
1117 3045 1230 3099 libenter
1246 3047 1392 3100 inferorum

332 3128 430 3180 incolas
443 3146 500 3182 earn
516 3127 692 3200 excepturos?
705 3125 772 3180 0660
790 3125 863 3198 9006
875 3125 1010 3178 notissimo
1026 3125 1061 3178 sit.
1076 3137 1103 3177 et
1116 3125 1144 3176 iu
1160 3127 1245 3197 poetis
1258 3138 1321 3178 vett.
1338 3128 1393 3178 usi·

333 3207 457 3260 tutissima
470 3209 514 3260 illa
527 3208 594 3261 lucis
606 3206 802 3272 reformidetio,
819 3206 926 3259 Plutoni
940 3219 966 3257 et
980 3205 1071 3258 inieris
1086 3204 1212 3258 attribute
1220 3244 1228 3269 ‚
1246 3206 1301 3258 sive
1314 3223 1393 3275 expe·

332 3298 400 3340 otetn
409 3287 463 3341 sive
474 3288 583 3359 1009100
594 3289 698 3358 ingruet
709 3283 775 3348 (vid.
787 3305 845 3357 quae
856 3285 1005 3338 notavimus
1014 3303 1041 3356 9.
1055 3287 1102 3350 68,
1113 3282 1147 3337 06
1158 3304 1224 3338 vers.
1239 3275 1316 3355 567).
1331 3286 1392 3338 Non

332 3365 413 3437 igitur
429 3380 540 3439 propter
554 3369 619 3431 istu,
638 3366 685 3420 sed
698 3380 807 3438 propter
821 3367 989 3424 invenustum
1000 3365 1193 3435 conjunctionis
1208 3364 1391 3426 iterationem,

331 3445 477 3500 retinemus
495 3448 627 3518 vulgatum
647 3446 753 3498 tristibus
770 3446 864 3512 inseris,
884 3463 962 3497 seusu
981 3444 1143 3514 ceteroquin
1162 3445 1302 3515 optimum,
1318 3457 1344 3496 et
1359 3445 1393 3498 ub

333 3527 428 3579 Aturtt.
442 3527 520 3580 Viuo.
540 3527 643 3598 Gryph.
660 3527 733 3580 Petr.
749 3525 851 3578 Fabric.
873 3524 1031 3578 Commelin.
1051 3525 1122 3576 Deir.
1139 3523 1216 3576 Grut
1234 3524 1324 3577 110100.
1340 3525 1393 3576 110·

333 3605 406 3677 91001.
422 3603 575 3659 adhibitam.
591 3605 687 3658 Infelix
705 3617 744 3657 est
759 3605 910 3658 Gronovius
924 3605 951 3655 iu
966 3604 1091 3656 omuibus
1103 3615 1173 3656 notre
1187 3622 1240 3656 0000
1256 3602 1394 3674 partibus,

334 3685 380 3756 901
398 3683 469 3738 diost
487 3686 656 3738 «Deirionem
674 3683 708 3737 de
729 3684 779 3736 huc
801 3684 928 3747 lectione,
949 3686 1022 3734 tristis
1040 3696 1066 3735 et
1083 3685 1178 3751 inseris,
1200 3683 1316 3754 primum
1336 3703 1394 3735 mo·

334 3763 422 3818 001000
436 3792 446 3811 ι
459 3801 467 3828 ,
480 3783 563 3835 quum
576 3765 736 3817 11010100οι0
750 3777 851 3817 tuntum
865 3763 1048 3815 memoraverit
1062 3764 1089 3816 in
1104 3775 1266 3833 syntagmate
1280 3759 1393 3830 (0596),

335 3859 362 3898 et
374 3846 428 3915 jum
441 3856 515 3895 antea
529 3845 597 3896 hauc
612 3845 696 3915 190000
708 3842 807 3896 Isourd.
820 3839 907 3912 AEgid.
925 3842 1021 3895 Philet.
1035 3846 1140 3896 Assem.
1156 3855 1181 3894 et
1195 3843 1266 3895 Petr.
1281 3841 1310 3894 iu
1323 3861 1394 3896 mur·

333 3925 396 3994 gine
407 3925 599 3992 occupaverint.
613 3921 695 3976 Addit
705 3923 857 3976 Gronovius
873 3922 1049 3982 «Gruterum,
1062 3923 1123 3992 quio
1136 3922 1173 3974 sic
1184 3939 1277 3974 omnes
1289 3923 1356 3975 Pau.
1368 3934 1396 3974 et

335 4016 410 4055 vetus
424 4003 567 4073 interpres,
583 4007 675 4054 tristari
689 4005 776 4068 inferos
789 4003 844 4054 dum
859 4001 943 4052 uident
955 4003 1044 4064 leuem,
1060 4001 1176 4072 primum
1191 4019 1248 4054 0000
1266 4002 1395 4072 recepisse

335 4084 363 4134 in
377 4082 457 4134 libros
470 4107 492 4133 ι.
506 4082 532 4134 Si
545 4083 690 4135 Gruterum
702 4082 794 4148 ndens,
806 4081 882 4134 illurn
894 4081 961 4133 nihii
976 4081 1027 4132 tate
1040 4075 1135 4133 dixisse
1148 4079 1280 4145 invenies,
1293 4083 1394 4154 quippe

335 4162 380 4233 qui
397 4160 468 4214 bunc
481 4162 570 4214 locutu
587 4163 613 4213 in
626 4165 697 4214 notis
715 4163 769 4214 suis
785 4161 890 4214 silentio
907 4160 1113 4231 pretermiserit.
1130 4159 1311 4214 Commelinus
1330 4162 1394 4232 qui-
