3070 5158
343 490 931 596 'Aurmtnvunsrortns
1036 491 1038 500 '
1126 526 1197 613 445

171 660 219 730 47.
232 651 717 728 aecus.terascoasxmpsaetus.
730 653 982 722 comanam-m,
995 639 1198 728 quodnemom

125 751 157 791 et
176 737 278 790 Botbeo
288 736 395 807 placuit.
413 767 454 778 -
473 735 542 805 Quid
554 740 633 805 reguis
648 735 724 786 traho
740 734 815 802 Quod
830 739 908 786 vitot
927 737 958 787 ln
975 737 1099 790 omnibus
1117 738 1195 792 codd.

125 819 231 870 excusis
243 829 305 869 aute
316 815 395 868 Both.
411 827 437 867 et
449 814 514 868 liad.
533 815 602 884 Quid
612 817 691 884 segnis
707 807 795 863 traho?
810 814 880 882 Quid
893 819 970 866 civo?
987 814 1039 867 Sed
1054 816 1129 870 locus
1141 821 1195 889 jam

125 896 295 950 Gronovium
317 893 491 949 offenderat:
515 916 526 938 ε
541 894 649 953 Scribe,
673 893 773 952 aiebat,
796 911 850 945 una
871 893 959 946 littera
979 907 1005 946 et
1023 893 1195 950 distinctione

124 989 231 1028 mutata
242 993 249 1027 :
268 975 338 1042 (tuit
348 979 427 1043 segnis
439 974 523 1037 traho,
537 973 612 1043 Quod
620 975 697 1023 vitot
710 972 761 1024 boc
776 983 828 1033 est,
841 991 921 1043 quam
934 983 1050 1044 partem,
1066 987 1112 1028 aut
1127 977 1194 1032 illud

123 1067 258 1125 quatenus
277 1055 346 1107 rivo.
364 1052 453 1118 Quid,
472 1065 547 1123 parte
567 1053 619 1104 mei
640 1063 815 1123 premortua,
835 1052 964 1123 reliquam
985 1065 1086 1124 partem
1107 1057 1194 1110 vitam

123 1135 216 1205 segnis
234 1133 331 1186 traho?
346 1132 389 1184 Sic
405 1133 472 1185 iufra
491 1151 515 1184 v.
539 1131 612 1184 113:
633 1157 644 1178 ι
658 1143 684 1184 et
696 1132 725 1184 in
740 1131 840 1183 cineres
858 1130 928 1183 dabo
944 1132 1003 1184 Hoc
1019 1132 1150 1205 quidquid
1165 1137 1194 1189 in

121 1231 171 1265 me
190 1213 261 1265 vivit.
276 1239 287 1259 ι
305 1213 339 1265 Et
356 1213 425 1264 infra
438 1230 463 1265 t.
489 1229 560 1281 170:
583 1237 594 1258 ι
611 1229 661 1264 uec
675 1228 718 1262 me
731 1209 833 1262 redemi
851 1223 944 1280 parte:
962 1212 1129 1266 membratim
1145 1216 1194 1268 tibi

122 1293 212 1346 Volui
223 1292 319 1362 perire.
334 1317 345 1338 ι
364 1290 465 1344 Eodem
477 1309 553 1344 sensu
566 1290 698 1360 placuerat
709 1290 768 1342 Nic.
783 1287 909 1343 Heinsio:
922 1292 978 1360 Quo
986 1295 1049 1342 uiuo.
1061 1291 1192 1348 Gronovii

121 1371 337 1424 emendationem
352 1389 412 1424 cum
427 1371 529 1423 Botbeo
540 1383 566 1422 et
579 1369 697 1422 Badenio
713 1369 869 1438 recepimus.

169 1452 215 1504 52.
230 1452 343 1504 Comitem
351 1450 402 1503 tibi.
412 1449 487 1503 MSS.
498 1450 618 1520 plerique
628 1460 654 1501 et
665 1466 758 1518 omnes
769 1447 877 1519 quidem
890 1448 984 1502 Periss-
996 1469 1057 1503 cum
1069 1453 1193 1505 omnibus

119 1543 188 1582 ante
199 1530 338 1583 Heinsium
355 1527 472 1592 excusis,
490 1530 590 1583 habeut
603 1529 717 1582 Comitem
735 1531 777 1580 tui.
792 1528 926 1589 Heinsius,
940 1541 1039 1598 etpost
1053 1531 1192 1586 Heinsium

120 1627 218 1663 omnes
242 1609 356 1662 Comitem
376 1609 422 1660 tibi
443 1609 597 1680 protulere,
617 1607 691 1680 quod
712 1625 744 1659 ex
766 1606 843 1660 MSS.
860 1607 1019 1662 Commelini
1040 1612 1190 1682 proiectum

119 1687 233 1742 videtur
246 1703 253 1736 ἑ
267 1707 328 1742 nam
346 1688 528 1743 Commelinus
539 1688 577 1741 sic
589 1687 616 1740 in
632 1688 685 1740 suis
694 1687 775 1739 scribi
786 1699 932 1740 monuerat.
1006 1707 1009 1714 ⁴

166 1769 213 1822 55.
231 1770 294 1821 Pom
309 1788 411 1834 summa,
424 1781 474 1822 etc.
486 1767 597 1839 Antiqui
615 1766 697 1819 libri:
715 1768 778 1818 Part
790 1785 878 1836 magm
892 1771 970 1836 patris
984 1771 1072 1836 optimo
1087 1792 1100 1822 e
1115 1785 1189 1840 reguo
1225 1809 1227 1814 2

120 1867 176 1899 mea
194 1860 244 1911 ert,
265 1848 306 1902 vel
324 1849 389 1901 Pars
404 1867 494 1899 summa
507 1849 586 1918 putris
601 1850 690 1918 optim0
706 1867 719 1898 e
736 1865 810 1916 reguo
825 1865 876 1898 mea
892 1859 949 1898 est:
967 1865 1029 1899 nam
1047 1868 1137 1902 summo
1157 1851 1186 1903 in

119 1925 283 1997 quibusdam
300 1927 374 1981 MSS.
389 1928 513 1980 habetur.
526 1927 579 1980 Pro
593 1931 698 1996 optimo,
717 1945 744 1978 se
759 1928 848 1996 optitna
864 1926 941 1978 malle
956 1923 1099 1982 declararit
1114 1930 1185 1984 Flor.

118 2007 301 2073 Christianus;
324 2008 454 2064 Gruterus
475 2019 579 2070 autem,
603 2011 687 2077 optimi
692 2025 703 2066 ,·
723 2003 783 2058 Nic.
804 2006 893 2058 Heius.
916 2007 1000 2076 opimo.
1025 2009 1056 2059 ln
1075 2010 1186 2064 Etrusco

119 2085 254 2139 Gronovii
270 2088 307 2140 sic
324 2086 546 2157 sersuslegitur:
566 2086 630 2138 Pars
647 2103 737 2137 summa
753 2089 836 2154 magui
851 2090 929 2154 pntrt't
946 2106 959 2136 e
976 2105 1049 2156 reguo
1064 2109 1115 2140 meo
1130 2103 1184 2142 est:

117 2165 197 2236 quod
206 2165 342 2219 Gronovio
352 2180 448 2238 prater
456 2185 559 2219 morem
569 2183 645 2218 suum
655 2164 775 2218 fastidire
785 2165 895 2234 placuit,
904 2167 1012 2235 prelata
1021 2171 1182 2240 conjectura:

19 2319 22 2324 ἱ
116 2246 188 2296 Pars
202 2265 248 2296 una
262 2251 437 2317 magropatrt‘s
451 2267 464 2296 e
478 2263 552 2316 regno
567 2264 618 2296 mea
628 2257 672 2298 est.
687 2245 756 2298 Cum
770 2244 862 2296 Jacob.
878 2244 1029 2312 Gronovio,
1044 2247 1146 2300 Botheo
1159 2262 1187 2303 et
1281 2287 1284 2290 -

117 2323 240 2377 Badeuio
248 2324 418 2379 florentinam
427 2326 566 2378 lectionem
577 2325 714 2395 assumpsi,
721 2325 840 2395 quamvis
849 2335 875 2376 et
884 2323 988 2395 vulgata
997 2327 1080 2396 possit
1088 2330 1184 2382 servari

116 2417 147 2456 et
160 2403 275 2457 delendi.

163 2485 210 2552 57.
221 2483 319 2554 Sceptra
330 2487 372 2556 qui
380 2503 460 2555 reguo,
471 2484 548 2538 Melit
559 2483 710 2538 Gronovius
719 2482 793 2554 regiis
802 2485 844 2555 qui
853 2495 963 2553 sceptro:
976 2483 1088 2550 frustra,
1099 2505 1182 2560 quum

114 2565 192 2632 juxta
202 2561 256 2616 dici
269 2577 365 2634 queant
374 2577 400 2618 et
412 2577 504 2635 sceptra
520 2577 545 2617 et
557 2583 632 2634 regnu
642 2578 749 2628 tenere,
760 2577 787 2616 et
796 2575 889 2632 sceptro
898 2576 925 2616 et
937 2582 1011 2632 regno
1021 2583 1122 2636 rapere.

162 2642 208 2697 58.
222 2643 280 2696 Nou
294 2645 363 2697 iure.
380 2645 450 2696 Velit
465 2645 524 2698 Nic.
537 2643 662 2696 Heinsius
676 2661 723 2695 non
734 2643 793 2707 linc,
802 2655 864 2706 aut,
877 2642 899 2694 si
911 2643 1026 2696 Budenio
1036 2643 1179 2712 credimus,
1221 2669 1226 2682 ·

115 2741 167 2773 non
180 2723 234 2784 lt'c,
249 2723 323 2795 quod
336 2722 444 2796 quidem
459 2723 486 2776 in
500 2722 640 2776 duodecim
657 2723 750 2775 Parias.
768 2734 794 2774 et
808 2720 881 2774 editt·
898 2721 979 2774 Furn.
993 2721 1061 2776 Phil.
1075 2726 1179 2778 Arcens.

115 2801 217 2855 Avant.
241 2803 345 2873 Gryph.
371 2803 442 2855 Petr.
465 2802 595 2855 invenio:
619 2800 666 2854 sed
686 2800 791 2854 firmior
811 2813 836 2852 et
856 2800 1045 2868 significantior
1066 2803 1178 2874 vulgatu.

119 2905 132 2928 ι
147 2880 208 2933 Non
224 2882 296 2935 hunc
308 2872 450 2952 (patrem)
462 2880 531 2934 mihi
544 2881 645 2934 soleret
659 2881 792 2944 Eteocles,
807 2879 853 2950 qui
869 2898 981 2951 regnum
994 2895 1085 2935 contra
1097 2881 1178 2936 fidem

112 2961 228 3026 retinet3
242 2979 297 3013 uon
309 2962 380 3014 bunc
393 2951 532 3029 (auferet)
545 2960 700 3030 Polynices,
715 2973 830 3014 catervas
842 2959 978 3030 Argolicas
993 2977 1080 3030 agens.
1095 2987 1106 3009 ι

159 3041 205 3110 59.
221 3041 280 3094 Nou
289 3044 311 3092 ri
321 3040 420 3094 revulso.
436 3040 527 3092 Par-iss.
544 3041 615 3095 8026
632 3052 659 3092 et
673 3040 747 3094 8263
758 3076 767 3101 ,
779 3057 827 3090 non
837 3029 896 3090 nisi.

158 3117 206 3173 61.
219 3120 358 3173 Prohibent.
376 3120 458 3172 Paris.
477 3120 564 3190 6377,
576 3119 720 3190 prohibeat,
740 3116 813 3190 quod
830 3131 857 3170 et
869 3118 952 3189 recipi
969 3130 1061 3189 queat,
1080 3133 1177 3175 mutate

112 3198 350 3270 interpunctione:
361 3200 487 3269 prohibeat
497 3204 593 3268 genitor
602 3200 665 3252 licet.

157 3283 204 3333 6².
222 3281 334 3349 Dirigam
347 3283 414 3332 inuiti
424 3279 535 3348 gradum.
548 3279 673 3350 Plerique
687 3277 762 3330 MSS.
775 3277 874 3342 nostri,
886 3289 917 3330 ut
929 3290 955 3330 et
967 3278 1081 3350 antiquar
1093 3278 1177 3344 editt..

112 3359 213 3412 babent
222 3359 326 3428 dirigam
337 3363 433 3411 invitum
445 3357 555 3428 gradum.
572 3359 679 3411 Monuit
689 3358 795 3428 Lipsius
806 3375 860 3410 esse
872 3357 901 3409 in
914 3369 1003 3410 vetere
1014 3377 1062 3411 suo
1073 3357 1177 3424 codice,

111 3437 219 3507 dirigam
235 3442 332 3492 uetitum
345 3451 456 3509 patrem,
474 3435 547 3509 quod
564 3437 673 3509 quidem
689 3439 716 3489 iu
732 3455 786 3489 uuo
804 3455 911 3507 quoque
929 3449 1019 3490 nostro
1034 3440 1176 3508 reperitur,

110 3535 210 3590 nempe
222 3518 249 3571 in
260 3519 318 3571 Ms.
332 3521 417 3580 8261,
430 3529 456 3570 et
468 3517 496 3570 in
506 3517 563 3570 MS.
576 3517 648 3571 8055
661 3517 789 3587 scriptum
800 3515 885 3568 videri
896 3529 1000 3588 potest,
1014 3518 1116 3590 quippe
1130 3520 1176 3590 qui

111 3601 225 3649 invictum
237 3611 330 3669 patrem
348 3599 464 3669 praelert.
485 3597 594 3650 Florem
612 3597 791 3659 Christianus,
812 3597 921 3666 probata
941 3596 1024 3666 Lipsii
1044 3597 1173 3660 lectione,

111 3681 211 3729 invitam
230 3691 340 3748 patrem,
368 3679 483 3730 oileusus
509 3677 558 3729 ista
582 3679 656 3749 quasi
681 3676 845 3745 ταυτολογίᾳ,
868 3695 968 3745 regam,
995 3675 1114 3747 dirigam,
1138 3681 1176 3732 sic

109 3756 307 3810 emendandum
317 3759 406 3811 locum
417 3757 550 3812 censebat.
564 3757 666 3828 diligam
678 3759 775 3808 invitum
785 3767 894 3824 patrem,
906 3755 934 3806 in
946 3773 1026 3824 quam
1036 3757 1174 3812 lectionem

109 3837 203 3888 Delrio
223 3838 342 3890 invectus
359 3850 413 3901 est,
431 3835 504 3908 quod
522 3835 597 3908 dirigi
609 3836 716 3908 quidem
737 3836 771 3887 ab
790 3835 920 3904 Antigona
940 3835 1022 3888 nollet
1037 3835 1175 3908 OEdipus,

108 3935 166 3967 non
182 3929 270 3970 autem
281 3919 362 3988 diligi,
379 3917 399 3969 si
414 3934 440 3968 se
453 3915 522 3968 mori
532 3915 612 3982 sinat,
628 3917 764 3970 abnueret.
781 3913 962 3966 Commelinus
974 3928 1076 3980 autem,
1092 3936 1175 3988 quum

108 3997 138 4047 in
150 3996 205 4048 MS.
221 4000 289 4048 inuiti
297 3997 400 4067 grqdum
413 3995 465 4067 legi
479 3995 665 4060 adnotavisset,
680 3994 827 4066 permultos
836 3993 929 4046 habuit
941 3994 989 4064 qui
1004 4014 1057 4048 suae
1070 3997 1176 4050 lectioni

106 4074 275 4130 adhererent
291 4077 475 4149 lacerentque5
490 4077 517 4129 in
533 4077 628 4148 quibus
642 4074 828 4139 tirunculum,
841 4075 900 4146 qui,
918 4086 949 4127 nt
962 4073 1092 4128 Florentis
1101 4075 1178 4128 Chri·
