3090 5142
432 481 571 552 NOVI
599 480 866 558 EDITORIS.
1137 505 1186 564 <xv

111 621 149 678 et
172 608 290 706 quarti
313 605 436 680 seculi
460 609 715 706 manuscriptis
736 607 940 697 codicibus,
959 632 1052 706 quos
1073 609 1111 690 in
1136 612 1189 680 Bi·

111 729 299 806 bliotheca
316 730 427 828 Regin
449 731 573 810 inveni
592 746 628 810 et
644 732 792 804 contuli.

163 854 325 926 Alteram
347 853 514 950 ejusdem
538 853 655 928 saeculi
683 855 773 928 mihi
801 852 942 934 suffecit
968 853 1189 934 Bibliotheca

111 978 211 1050 dicta
230 977 278 1050 de
293 981 644 1066 SmnteGenevie’m
661 1004 743 1076 quae
756 978 909 1085 quidem
927 980 965 1048 in
986 979 1186 1056 editionum

113 1101 301 1174 indicibus
330 1105 526 1176 memorari
553 1103 645 1178 solet
672 1103 743 1177 hoc
768 1105 941 1190 nomine,
967 1108 1104 1174 Veneta
1131 1106 1188 1188 ΙΙ,

108 1251 178 1324 pes
204 1231 296 1298 [ω.
330 1226 526 1300 Isoardum
557 1225 604 1298 de
627 1225 854 1324 Savtgliono‚
885 1251 970 1298 cum
1000 1243 1189 1302 comment.

115 1354 323 1434 Marmr'toe,
356 1354 460 1447 1492.
484 1357 576 1422 Cum
603 1351 772 1450 primaria
799 1353 879 1423 Car.
906 1348 1084 1420 Fernandi
1112 1375 1187 1421 non

115 1475 305 1560 convenit,
318 1488 357 1545 et
372 1473 501 1548 iisdem
518 1473 704 1550 codicibus
723 1489 913 1572 utramque
933 1499 1008 1548 non
1028 1475 1188 1580 innixam

116 1597 198 1666 satis
219 1610 386 1693 apparet.

162 1723 311 1790 Frustrn
336 1718 535 1794 editionem
557 1720 725 1817 quesivi,
748 1743 857 1816 quarn
880 1732 1033 1790 testatur
1057 1723 1191 1791 Brunec

117 1840 295 1936 (Monuel
317 1843 369 1914 du
392 1839 555 1939 lr'brnire)
579 1843 719 1917 Parisiis
744 1865 932 1926 excusam,
959 1866 1055 1920 anno
1082 1839 1185 1914 1500.

118 1963 184 2036 Sed
198 1963 293 2038 mihi
309 1990 387 2038 non
407 1964 556 2044 defuere
576 1980 612 2040 et
631 1969 780 2039 Iuntina
800 1963 979 2062 secunda,
1000 1963 1187 2038 Florentiae

120 2112 162 2160 ex
175 2093 263 2159 Ben.
280 2087 458 2186 Philologi
476 2091 687 2166 recensione
710 2087 803 2166 edite
821 2086 974 2182 (1513),
999 2102 1034 2158 et
1052 2112 1093 2161 ea
1112 2113 1188 2164 non

121 2209 342 2307 rosmoda,
363 2236 475 2309 quam
500 2212 638 2287 Parisiis
657 2210 905 2288 excudendam
930 2212 1073 2288 curavit
1093 2212 1186 2306 AEgi-

121 2332 447 2422 diusMsseriensis,
460 2359 517 2408 en.
531 2332 590 2406 15·
605 2360 631 2406 r.
649 2333 755 2432 (Vide
769 2334 815 2405 de
828 2333 896 2412 hac
915 2332 1000 2406 odit.
1013 2333 1186 2412 Notitiam

121 2455 339 2551 litemrinnn)
358 2460 508 2530 Necnon
534 2458 732 2556 precipuas
758 2481 884 2532 ornnes
908 2454 1092 2553 usquead
1116 2455 1188 2528 edi·

121 2581 252 2652 tionem
276 2579 486 2654 Schrnederi
517 2581 652 2678 (1728)
676 2580 868 2677 diligenter
896 2579 1070 2678 expendi,
1098 2605 1188 2678 ques

120 2703 242 2776 ordine
274 2706 385 2778 retuli
410 2707 515 2779 initio
543 2703 903 2782 Animadversionum
931 2707 968 2784 in
996 2681 1186 2788 Herculem

120 2825 300 2900 furentem
325 2843 361 2900 et
381 2829 537 2928 singulos
559 2829 767 2928 tragoedias,
790 2843 828 2900 et
847 2827 892 2902 de
911 2825 1044 2925 quibus
1063 2829 1100 2898 in
1129 2832 1186 2896 ln-

119 2949 194 3022 diee
215 2951 423 3024 editionum
444 2977 559 3051 penca
576 2951 738 3025 disserui.
753 2953 971 3026 Novissimns
989 2952 1183 3050 presertim

119 3075 244 3148 Bothei
272 3091 311 3147 et
336 3076 481 3164 Badenii
507 3075 658 3148 adhibui
680 3079 931 3164 recensiones,
960 3102 1041 3173 quae
1068 3100 1185 3146 meam

119 3223 190 3270 non
206 3199 440 3275 mediocriter
450 3199 679 3297 adjuverunt.
697 3199 797 3291 Quid
812 3200 947 3272 multa?
965 3199 1094 3273 Nullus
1107 3195 1184 3278 fere

118 3320 182 3394 lirit
201 3323 359 3418 alicujus
384 3324 546 3397 nominis
568 3337 605 3395 et
632 3323 856 3396 auctoritatis
880 3322 936 3394 vel
965 3336 1103 3408 textus,
1124 3321 1184 3395 sel

117 3447 416 3534 commentarius,
451 3471 528 3543 quo
557 3471 636 3518 non
663 3470 750 3518 usus
779 3448 874 3538 sim,
903 3460 945 3520 ut
972 3469 1115 3544 possem
1144 3449 1182 3520 in

119 3568 326 3640 lnnnedvv.
339 3571 590 3656 melerinum,
609 3567 708 3640 unde
725 3570 877 3666 coeperit
891 3593 1045 3668 queque
1058 3593 1183 3648 emen.-

120 3693 234 3780 duio‚
249 3705 289 3763 et
303 3692 442 3790 quibus
465 3692 675 3764 confirmata
693 3689 871 3789 suffragiis
893 3691 938 3768 ed
964 3717 1032 3768 nos
1057 3717 1183 3791 perve-

117 3821 216 3888 nerit.
240 3819 332 3888 Nam
355 3815 446 3886 mihi
469 3814 688 3887 destinatum
713 3814 758 3887 ab
780 3817 884 3888 initio
906 3815 975 3888 fuit
999 3815 1093 3888 hanc
1117 3841 1181 3893 no·

115 3943 292 4012 vissimam
308 3939 511 4024 editionem
530 3937 699 4011 omnibus
716 3937 967 4016 additamentis
982 3940 1180 4027 instruere,

115 4063 246 4160 quibus
257 4078 395 4136 caeterae
410 4065 514 4162 qnasi
530 4063 648 4160 colligi
663 4078 698 4135 et
707 4066 953 4163 representari
963 4062 1180 4135 viderentur.

996 4181 1036 4248 at
