3118 5138
377 513 457 582 cxiv
603 511 666 581 DE
689 507 947 580 GENERIBUS
972 507 1223 580 CARMINUM

421 625 497 690 Haec
524 637 632 688 autem
656 622 775 688 rectius
802 623 888 688 inter
910 621 1088 710 composita
1115 636 1296 686 metrorum
1324 645 1442 712 genere

376 733 571 798 referuntur.

420 900 459 965 V.
484 899 664 964 iambicum
684 899 865 964 trimetrum
885 896 1073 962 catalectum
1097 895 1278 988 integrum,
1299 901 1375 965 satis
1400 901 1441 964 ab

335 1009 338 1015 '
377 1005 514 1069 Arantio
531 1003 724 1094 explicatum
748 1001 914 1084 videmus,
943 999 1032 1090 quod
1048 1015 1156 1067 tamen
1177 1025 1196 1067 e
1217 1002 1307 1093 puris
1325 1003 1441 1070 iambis

377 1129 445 1175 non
471 1126 617 1191 constat,
641 1108 700 1174 sed
720 1107 843 1197 pedum
866 1107 1038 1197 equalium
1065 1108 1156 1196 quasi
1183 1126 1440 1198 temperamento

377 1213 558 1280 coniicitur.
577 1214 690 1278 Tradit
707 1236 746 1279 ex
759 1211 900 1302 antiquis
918 1213 1142 1279 Grammaticis
1159 1215 1440 1298 Victorinus,im·

375 1320 507 1408 probari
523 1341 652 1384 versum
670 1341 710 1382 ex
727 1318 842 1383 iambis
859 1341 990 1384 omnem
1006 1320 1241 1407 compositum,
1255 1343 1330 1386 nam
1348 1337 1387 1384 ut
1398 1322 1441 1386 sit

376 1426 523 1513 amplior,
537 1440 569 1490 et
580 1444 638 1515 par
650 1424 777 1516 mgicae
790 1421 959 1513 dignitati,
971 1425 1135 1514 interponi
1148 1424 1346 1514 frequenter,
1357 1421 1440 1491 iocis

374 1527 521 1595 videlicet
536 1527 729 1619 imparibus,
741 1525 863 1619 pedum
883 1526 1085 1619 dactylorum
1099 1545 1267 1620 numeros,
1283 1544 1315 1596 et
1330 1547 1439 1596 motas

374 1633 612 1724 spondeorum:
623 1653 721 1724 quam
731 1633 924 1700 sententiam
935 1632 1093 1725 approbat
1104 1631 1327 1702 Terentianus.
1344 1633 1439 1719 Quos

373 1753 482 1804 autem
504 1741 668 1804 trimetros
686 1739 807 1822 Greci,
830 1759 886 1806 eos
905 1739 1018 1806 Cicero
1034 1757 1067 1806 et
1084 1737 1303 1824 Quintilianus
1318 1757 1439 1806 vocant

373 1845 529 1930 senarios,
543 1859 576 1912 et
589 1843 778 1912 eorumdem
790 1845 971 1911 imitatione
980 1842 1107 1912 Flavius
1120 1843 1222 1936 Caper
1233 1861 1265 1911 et
1276 1845 1436 1910 Amntins

374 1952 497 2035 Celsus,
506 1952 650 2018 Terentii
662 1953 862 2040 interpretes.
876 1954 1012 2016 Causam
1023 1952 1163 2016 nominis
1176 1953 1346 2040 utriusque
1357 1953 1436 2016 scite

372 2057 584 2122 Terentianus
602 2055 724 2134 reddit,
743 2078 809 2120 suaa
823 2057 873 2120 vir
885 2057 962 2120 artis
974 2055 1196 2137 doctissimus,

477 2179 581 2233 lembus
594 2180 651 2251 ipae
663 2197 707 2233 aex
720 2191 822 2233 tantum
836 2180 1016 2248 imbuisset,

476 2270 511 2322 Et
523 2269 585 2322 inde
597 2287 695 2322 nomen
707 2267 820 2322 inditum
836 2281 874 2323 eat
887 2269 1003 2325 senario:

474 2355 527 2411 sed
540 2369 580 2412 ter
592 2358 693 2422 feritur,
703 2357 767 2411 hinc
779 2358 912 2412 trimetros
926 2357 1033 2424 dicitur,

473 2444 632 2500 &audendo
642 2445 718 2499 binos
727 2445 800 2518 quod
811 2445 892 2518 pedes
903 2444 1095 2518 conjungimus.

416 2569 614 2632 Annotarem
634 2583 666 2634 et
685 2569 769 2650 illa„
780 2568 837 2632 ubi
853 2569 1033 2634 collisiones
1050 2583 1106 2632 aut
1122 2567 1270 2634 elisiones
1289 2589 1356 2634 uon
1376 2566 1435 2632 fie-

371 2688 454 2756 rent,
461 2673 510 2738 vei
518 2673 683 2738 hiantibus
691 2673 803 2756 literis,
808 2672 858 2738 vel
870 2689 1026 2762 sequente
1037 2673 1246 2761 aspiratione:
1260 2672 1317 2738 sed
1328 2695 1432 2762 quum

371 2779 405 2844 id
423 2779 456 2842 in
475 2775 710 2848 difficilioribus
733 2777 838 2844 dicere
854 2777 919 2858 jam
937 2779 1107 2868 coepen'm,
1126 2795 1158 2844 et
1174 2780 1208 2842 in
1226 2777 1357 2869 reliquis
1375 2801 1433 2869 ge-

371 2882 501 2948 neribus
526 2883 587 2948 sim
609 2883 826 2972 repetiturus,
843 2879 980 2948 studiosi
999 2882 1035 2947 id
1055 2901 1166 2972 perse
1190 2879 1432 2967 observabunt,

368 2989 458 3076 quod
472 3012 491 3053 a
505 2988 773 3079 praeceptionibus
789 2988 1019 3056 wmmunibus
1034 2987 1182 3072 dissidet,
1199 3007 1232 3055 et
1249 2989 1432 3056 libertatem

336 3087 339 3096 ’
370 3093 454 3160 illam
472 3096 686 3160 vetustiorum
702 3095 811 3162 reiert.

412 3268 467 3336 vl.
490 3268 668 3335 iambicum
687 3271 870 3336 trimetrum
889 3274 1078 3338 catalectum
1104 3293 1238 3352 scazon,
1262 3287 1389 3336 constat
1413 3295 1431 3336 e

368 3374 468 3438 solitis
492 3376 629 3440 trimetri
646 3376 801 3466 pedibus,
824 3379 951 3460 iambo,
974 3377 1139 3467 spondeo,
1162 3395 1349 3467 anapesto:
1371 3378 1430 3442 sed

367 3481 401 3542 in
420 3478 484 3544 line
503 3481 577 3546 loco
593 3481 691 3546 iambi
709 3482 892 3570 spondeum
910 3483 1064 3565 celebrat,
1090 3503 1192 3572 ιῃιοιη
1207 3499 1316 3548 tamen
1334 3498 1430 3546 ante·

366 3585 451 3651 cedit
459 3597 636 3675 anapestus
648 3602 705 3652 aut
719 3587 866 3670 iambum
882 3589 975 3670 cuias
990 3582 1117 3679 'generis
1134 3589 1201 3654 dun
1218 3603 1347 3654 tantum
1360 3611 1430 3654 ver

367 3712 422 3754 sus
435 3708 512 3755 sunt
526 3691 561 3755 in
578 3695 842 3782 Agamemnone,

470 3818 560 3882 Quum
572 3817 695 3876 Dardana
709 3831 776 3872 tecta
787 3819 877 3874 Dorici
889 3831 1012 3892 raperent
1025 3820 1108 3891 ignea.

506 3927 522 3940 .
591 3915 691 3952 -QQ
721 3917 773 3953 .0
802 3912 995 3952 .0.00.
1035 3929 1087 3942 ..

470 3994 558 4047 Fatale
572 4013 667 4048 munus
681 3995 799 4047 Dauom
815 3995 943 4050 traximus
954 4007 1051 4050 nostra.

477 4093 552 4130 ..0
587 4103 640 4118 ..
691 4092 793 4133 00·
825 4091 872 4128 20
905 4103 920 4118 .
963 4103 1022 4118 .-
