3090 5142
265 489 366 559 UNO
392 487 767 558 TRAGOEDIARUM
791 489 1019 559 AUCTORE.
1142 490 1177 560 lv

102 611 176 676 vid.
201 609 297 699 epist.
323 609 360 690 8,
386 608 428 674 ad
452 610 556 675 Lucil
581 608 680 692 Quod
702 625 811 673 autem
835 608 870 673 in
894 609 946 674 his
971 611 1113 700 epistolis
1134 615 1176 679 ad

102 715 264 796 Lucilium
276 731 407 804 poetam
419 715 655 780 versiculorum
668 730 701 779 et
712 707 893 780 carminum
905 739 924 780 a
936 737 971 782 se
981 718 1176 806 scriptorum

103 823 227 886 nullam
240 821 446 886 mentionem
460 820 589 902 lecerit,
606 841 667 886 uec
681 820 716 884 iu
730 821 800 885 ullo
815 843 928 886 earum
940 823 1014 888 loco
1028 823 1176 890 subindi-

102 927 237 1010 oererit,
255 928 415 1015 seipsum
435 948 571 1015 quoque
587 942 716 1014 poetam
735 947 794 990 teu
811 925 984 1015 aliquando
1002 929 1101 994 fuisse
1117 953 1176 996 sen

102 1034 210 1100 adhue
227 1055 317 1116 esse,
333 1033 455 1097 ruitum
468 1031 616 1098 videatur
628 1033 683 1114 iis,
702 1032 759 1121 qui
776 1033 938 1117 nesciant,
952 1035 1041 1100 unde
1054 1036 1175 1102 Senem

103 1140 270 1205 materiam
296 1137 460 1204 scribendi
484 1139 677 1228 plerumque
699 1139 840 1227 petierit.
866 1140 982 1229 Neque
1005 1142 1093 1208 enirn
1114 1143 1176 1208 illae
1205 1131 1210 1144 ¹

104 1246 244 1335 epistola·
253 1267 332 1308 cum
342 1243 916 1334 Ciceronis,Plimi,aliorumve,qui
926 1245 967 1311 de
975 1245 1176 1331 bominibus,
1219 1303 1222 1312 ,

105 1351 303 1439 quibuscum
325 1348 499 1431 vivebant,
525 1371 563 1413 ae
589 1347 632 1413 de
655 1348 755 1414 rebus
786 1372 847 1414 suo
878 1366 1025 1439 tempure
1047 1353 1176 1442 publice

104 1461 319 1548 privatimque
330 1459 429 1546 gestis
439 1456 541 1521 multa
552 1457 716 1521 memorie
727 1455 940 1541 tradiderunt,
952 1461 1176 1548 comparanda

103 1581 194 1646 suut,
206 1563 266 1628 sed
280 1564 379 1628 unice
389 1564 457 1628 fere
469 1579 615 1652 spectant
627 1561 670 1627 ad
681 1562 854 1650 quaerenda
863 1565 996 1628 rationis
1004 1567 1175 1656 principia,

102 1671 220 1758 quibus
230 1668 382 1732 doctriua
397 1666 596 1732 demonibus
608 1665 728 1732 firmari
740 1667 857 1758 possit,
870 1667 953 1734 etad
964 1670 1173 1738 formandum

103 1799 139 1840 ex
150 1776 202 1840 bis
215 1775 387 1864 praeceptis
404 1775 561 1839 animum.
576 1773 683 1837 Possis
699 1772 822 1856 dicere,
840 1795 951 1839 earum
971 1791 1137 1842 auctorem
1155 1801 1175 1844 e

103 1880 226 1944 duabus
249 1879 508 1966 rebuspublio's,
531 1877 652 1966 quibus
672 1878 832 1966 sapientes
852 1895 977 1946 mentes
999 1879 1174 1970 adscriptas

103 2009 168 2051 esse
184 2003 322 2068 monet,
338 2007 406 2050 nou
426 2005 515 2066 eam,
534 2007 606 2072 qnae
627 1984 746 2047 civium
764 2000 830 2065 est,
846 1982 902 2047 sed
918 1984 1072 2064 majorem
1088 1985 1173 2052 illam
1229 2001 1241 2030 ‘

104 2093 225 2181 generis
243 2092 382 2156 humaui
397 2088 525 2155 assidue
541 2091 715 2179 cogitasse,
731 2089 909 2177 oculosque
921 2111 998 2154 suos
1013 2113 1032 2156 a
1047 2110 1173 2180 specta·

104 2199 179 2262 culis
195 2197 268 2262 istis
287 2195 482 2278 levioribus,
499 2194 619 2282 quibus
643 2209 714 2258 tum
733 2216 784 2258 res
804 2195 948 2259 Romana
966 2196 1051 2260 inter
1067 2199 1171 2286 tripu·

104 2303 223 2368 dientes
242 2303 443 2366 histrionum
466 2317 607 2366 catervas
627 2299 810 2392 laborabat,
833 2301 983 2368 consulto
1003 2304 1171 2387 avertisse,

105 2431 156 2490 ue,
170 2410 254 2474 dum
270 2424 374 2472 status
386 2406 511 2496 publici
525 2405 658 2470 nimium
672 2427 783 2472 curam
800 2423 941 2495 gereret,
957 2406 1069 2474 alienis
1080 2409 1171 2476 malis

103 2533 278 2604 occttputus
305 2535 364 2578 sua
397 2511 573 2603 negligeret
604 2511 724 2576 ulcera.
760 2510 860 2594 Inde,
894 2535 998 2600 quum
1027 2513 1169 2601 primurn

102 2621 241 2709 receptui
267 2617 456 2700 cecinisset,
480 2641 548 2683 uon
571 2617 677 2682 aulam
702 2615 802 2682 modo
824 2617 965 2682 Neronis
989 2617 1047 2683 sed
1065 2620 1167 2707 ipsam

102 2749 230 2814 quoque
245 2725 439 2789 memoriam
452 2725 526 2790 vitoe
539 2723 682 2812 pristinae
696 2739 855 2788 eteorum
867 2723 1034 2806 omnium,
1049 2724 1167 2813 quibus

102 2833 172 2895 olim
191 2847 253 2896 aut
271 2831 399 2918 placere
412 2831 498 2912 aliis,
520 2845 577 2894 aut
600 2851 706 2894 mores
731 2851 845 2893 eorum
869 2829 1029 2919 corrigere
1048 2831 1168 2914 voluit,

102 2937 248 3027 effugisse
262 2934 405 3018 videtur,
422 2958 459 3000 ao
478 2951 585 2999 totum
604 2957 639 2999 se
657 2925 790 2999 tradidit
805 2935 1020 3000 severioribus
1040 2935 1166 3002 studiis.

101 3041 354 3106 Videautautem
365 3040 667 3129 isti,qnibusipsum
678 3039 817 3104 auctoris
828 3039 991 3104 silentium
1002 3041 1167 3106 materiam

102 3146 267 3212 dubitandi
288 3145 331 3210 de
351 3144 497 3227 ejusdem
520 3142 681 3234 tragoediis
707 3144 939 3232 suppeditavit,
962 3168 1003 3208 an
1027 3167 1069 3209 ne
1091 3167 1167 3210 eum

102 3253 251 3342 temporis
274 3253 309 3316 in
336 3250 473 3316 colenda
499 3266 567 3315 arte
592 3249 711 3339 tragica
736 3249 899 3338 absumpti
921 3249 1054 3313 l'orsitan
1076 3273 1168 3339 aeque

101 3359 301 3446 poeuituerit,
318 3357 401 3421 utin
416 3354 641 3445 perquirendis
654 3356 769 3419 veteris
785 3353 928 3417 historiae
944 3357 1167 3420 monumentis

99 3463 268 3553 aliquando
286 3463 352 3527 boc
370 3463 440 3549 ipse
459 3463 622 3550 professus
643 3457 712 3523 est?
734 3459 890 3541 Quaerunt
912 3457 1029 3542 iidem,
1049 3482 1090 3524 au
1114 3460 1167 3525 ille

101 3572 247 3644 lursitan,
262 3569 344 3633 dum
360 3569 506 3650 vivebat,
526 3567 650 3632 fabulas
665 3588 684 3630 a
702 3588 736 3628 se
750 3564 944 3653 compositas
961 3565 1055 3653 plane
1072 3565 1165 3631 dissi·

100 3676 281 3756 mulaverit,
301 3697 344 3738 ne
366 3675 491 3738 animos
514 3673 633 3737 civium
651 3693 787 3735 suorum
810 3668 987 3759 cupiditate
1010 3670 1162 3736 ludorum

99 3783 296 3846 scenicorum
317 3783 385 3844 fere
404 3780 616 3861 insanientes,
641 3775 789 3865 exemplo
807 3798 867 3840 suo
886 3777 986 3868 magis
1008 3769 1165 3858 irritasse,

99 3911 131 3950 ac
144 3887 285 3970 Neroni,
305 3887 540 3974 rempublicam
558 3885 747 3974 spectaculis
760 3883 827 3947 fere
842 3883 1015 3965 avertenti,
1032 3885 1164 3972 pessimi

100 3991 189 4072 hujus
204 3993 334 4058 consilii
357 4009 471 4056 auctor
489 3991 588 4056 luisse
608 3988 793 4055 rideretur?
814 3987 884 4053 Nos
904 3987 1035 4076 quidem
1055 3989 1163 4052 minus
1299 4021 1304 4036 ι

7 4139 9 4188 l
40 4113 43 4120 ’
100 4099 186 4163 etiam
198 4100 371 4179 miramur,
386 4121 480 4179 eum,
495 4097 551 4185 qui
562 4095 760 4161 carminibus
772 4095 838 4159 suis
848 4094 1000 4162 iuvidiam
1010 4094 1163 4184 principis
