3118 5138
373 515 463 612 cxxij
576 517 656 596 ,DE
681 513 938 584 GENERIBUS
964 511 1217 582 CARMINUM

363 671 434 726 ‚nos
453 644 598 734 exempla
624 641 815 724 afferemus,
842 641 918 729 quia
940 641 1132 705 inusitatum
1148 655 1217 722 est,
1243 655 1275 704 et
1293 639 1333 703 ab
1357 639 1442 720 alio,

373 755 464 846 quod
478 751 631 842 equidem
645 751 761 833 seiam,
777 750 899 814 factum
914 749 1054 813 nemine.

417 861 565 928 Creticus
578 858 744 922 invenitur
757 857 826 920 sine
839 858 929 920 omni
943 853 1162 919 controversia
1172 877 1181 935 3
1193 869 1225 917 et
1237 869 1360 918 veteres
1370 875 1445 942 sap·

373 968 487 1058 phioos
508 967 587 1035 tales
604 964 704 1030 fuisse
720 962 823 1027 Julius
839 961 979 1051 Scaliger
996 960 1104 1026 sentit.
1122 959 1286 1042 Catullus,

495 1110 585 1164 Pauca
596 1108 718 1163 nuntiate
733 1124 797 1160 meas
812 1105 917 1178 puellae.

414 1259 544 1348 Sappho
558 1271 664 1338 certe,
681 1277 752 1344 quae
768 1255 866 1336 hujus
879 1254 1031 1318 carminis
1049 1253 1210 1317 inventrix
1227 1268 1276 1316 est
1286 1253 1342 1332 ,in
1361 1274 1443 1338 qna·

373 1366 448 1431 dam
464 1365 527 1430 oda
544 1362 748 1428 continenter
764 1358 903 1452 eopede
917 1360 1041 1423 utitur:

498 1497 658 1575 Ποικιλόθρον’·
671 1504 774 1556 ἀθάνατ’
786 1492 930 1572 ispalim,

498 1601 550 1652 net
563 1599 616 1656 Διὸς
630 1591 778 1656 latentes,
792 1593 910 1664 λίσσομαί
922 1611 965 1656 σι,

501 1689 546 1746 ml
560 1695 588 1760 μ’
600 1687 685 1744 ἄταισι
700 1681 762 1758 μηδ’
773 1684 865 1740 ἀνίαισι
879 1680 968 1754 δάμνα

714 1779 808 1832 Πότνιιι
821 1780 904 1850 θυμόν.

420 1926 638 1992 choriambus
656 1926 691 1990 in
707 1925 819 1990 eadem
840 1925 934 2006 sede,
953 1927 1010 1989 uni
1030 1925 1151 2014 tragico
1175 1939 1287 1988 nostro
1310 1939 1358 1988 est
1378 1925 1446 1988 usi-

376 2050 473 2098 tatus.
485 2033 622 2097 Exstant
632 2033 730 2119 plura·
741 2030 903 2119 exempla,
920 2031 1049 2117 nequis
1068 2029 1170 2117 possit
1185 2028 1352 2096 dubitare:
1371 2052 1449 2116 qua-

375 2139 418 2203 lia
436 2153 522 2203 sunt.
548 2139 593 2202 In⁴
608 2136 741 2220 Medea,

499 2262 608 2319 Sumere
625 2263 777 2323 innumeras
791 2261 897 2318 solitum
910 2260 1017 2334 figurae

422 2408 461 2472 ln
475 2405 621 2487 Troade,

503 2535 543 2586 An
557 2532 633 2586 ferax
646 2531 711 2585 rarii
726 2529 823 2603 lapidis
834 2530 970 2604 Carystos.

424 2672 579 2756 Quamvis
596 2673 630 2736 in
646 2671 866 2760 manuscripto
877 2667 1127 2760 Regiomontani
1143 2667 1270 2758 legitur,
1280 2672 1348 2730 rari
1365 2665 1449 2755 lopi-

378 2777 450 2858 dtu
464 2776 554 2866 quod
572 2793 680 2842 tamen
697 2775 854 2866 repudio,
876 2791 964 2840 utet
980 2773 1129 2863 Smligeri
1148 2788 1235 2853 σχῆμα
1248 2783 1449 2854 massennes,

380 2882 470 2970 quod
483 2906 552 2948 esse
565 2879 600 2948 in
617 2882 819 2948 dimensione
832 2882 901 2970 ipse
913 2879 1047 2982 judicat.
1061 2879 1214 2946 Similiter
1224 2878 1257 2942 in
1267 2878 1426 2966 Thyeste,

504 3023 608 3079 Cuncta
623 3023 728 3078 divitias
741 3024 891 3098 metuitque
904 3043 989 3080 casus.

426 3164 487 3230 sea
511 3181 544 3229 et
565 3165 654 3229 nunc
677 3189 806 3232 versum
825 3137 924 3236 inter
944 3167 1022 3256 regit
1044 3167 1134 3234 aaa.
1151 3167 1275 3233 aursus
1295 3163 1370 3229 ann
1387 3186 1396 3226 :
1416 3163 1450 3228 n

385 3271 516 3360 OEdipo
528 3319 537 3351 ‚

506 3401 547 3454 Te
560 3402 731 3476 eaputTyria
743 3403 868 3458 cohibere
879 3403 968 3462 mitra.

432 3539 468 3606 ln
486 3541 743 3626 Agamemnone,

507 3667 588 3724 Sidus
599 3672 740 3726 Arcadium
754 3672 923 3743 genuinumne
935 3670 1094 3742 plaustrum.

430 3811 466 3872 ln
484 3809 611 3874 Troade
628 3865 630 3868 .

509 3951 589 4024 ‘l'roja
600 3946 749 4024 quajsceat
761 3952 868 4023 regione
879 3964 1036 4008 monstrans.

433 4093 587 4182 Exempla
612 4095 760 4162 nondum
785 4098 818 4160 in
841 4095 931 4162 libris
962 4107 1115 4180 corrupta
1141 4105 1191 4158 tut
1219 4111 1393 4168 enumero,
1412 4109 1457 4149 ne
