3118 5138
396 504 474 598 cviij
616 505 678 572 DE
703 503 960 572 GENERIBUS
985 503 1234 573 CARMINUM

395 637 436 699 sit
448 633 592 714 iambus3
616 631 707 720 quod
721 648 753 695 et
765 631 956 696 fatebuntur
973 633 1031 719 qui
1047 647 1164 719 praeter
1177 648 1310 696 caeteros
1323 633 1470 722 legerint

395 739 571 822 Ovidium,
589 738 813 826 Propertium,
833 739 1024 818 Horatium,
1047 753 1080 801 et
1097 739 1295 820 Martialem,
1317 739 1364 803 sic
1383 739 1468 804 scti-

392 846 517 910 bentes.
531 843 624 909 Ovid.

533 973 593 1024 Non
606 972 710 1025 Latium
725 983 817 1033 norat,
832 988 912 1042 quam
926 969 1025 1041 prebet
1037 971 1115 1022 Ionia
1129 969 1211 1024 dives.

438 1094 585 1180 Propert.

533 1225 567 1276 Aa
579 1236 607 1275 tu
621 1242 667 1275 seu
681 1223 767 1276 mollis
783 1243 833 1295 qua
847 1223 929 1276 tendit
945 1223 1036 1286 lonia3
1055 1241 1100 1275 seu
1113 1241 1173 1294 qua.

436 1337 547 1399 Horat.

531 1466 591 1519 Non
603 1475 707 1536 attagen
722 1465 829 1518 lonicus
838 1462 990 1538 jucundior.

436 1585 531 1650 Mart.

531 1712 680 1765 Ionicarum
693 1725 784 1784 gustus
796 1726 983 1786 attagenam.

435 1841 477 1904 Et
492 1841 552 1927 ipsi
572 1841 670 1906 etalii
686 1858 775 1906 vates
797 1843 911 1931 saepius
931 1863 983 1905 eas
1007 1842 1126 1930 primas
1144 1841 1279 1928 syllabas
1299 1841 1333 1903 in
1359 1839 1464 1904 lom'oe

389 1945 523 2008 variant.
542 1945 632 2026 Quin
648 1947 826 2033 peritorum
843 1947 943 2035 gratia
960 1943 1110 2026 dixerim,
1126 1942 1213 2032 apud
1229 1944 1403 2034 Virgilium
1424 1947 1459 2008 in

390 2073 430 2114 eo
449 2051 566 2114 celebri
581 2073 695 2132 versu,
712 2051 830 2116 Insulae
845 2052 935 2116 Ionio
951 2057 1117 2138 in'magrw
1126 2099 1136 2130 ‚
1153 2049 1337 2116 excluditur
1355 2067 1389 2113 et
1405 2052 1462 2116 ab·

386 2158 495 2236 jicitur
513 2157 546 2219 in
564 2157 733 2221 scansione
749 2157 974 2246 diphthongus
990 2158 1101 2246 primae
1119 2155 1288 2240 dictionis;
1312 2179 1380 2219 non
1396 2181 1459 2220 au-

388 2279 454 2326 tem
471 2260 625 2326 adimitur
640 2262 753 2326 ultima
769 2265 885 2328 vocalis
902 2264 935 2326 in
953 2280 1107 2351 sequente
1127 2262 1268 2326 dictione
1283 2262 1392 2341 Ionio,
1420 2279 1459 2324 ut

387 2368 590 2457 aplerisque
609 2369 762 2433 omnibus
790 2385 839 2432 est
860 2369 1016 2432 hactenus
1043 2383 1250 2456 praeceptum.
1276 2367 1329 2430 Sic
1353 2367 1458 2456 igitur

387 2472 559 2537 scandatur
573 2473 633 2538 iste
652 2497 780 2553 versus,
797 2474 900 2562 lasul’
916 2473 994 2539 loni'
1008 2476 1040 2536 in
1057 2497 1120 2537 ma.
1134 2489 1190 2553 ut,
1205 2473 1395 2536 Posthabito
1408 2497 1460 2535 eo-

386 2580 478 2644 luisse
492 2581 595 2645 Samo.
610 2583 710 2670 Quem
723 2583 889 2646 Dardanio
902 2581 1062 2644 Anchisia.
1077 2581 1141 2644 Sub
1154 2579 1214 2643 Ilio
1227 2583 1312 2658 atto,
1331 2595 1365 2643 et
1377 2579 1456 2644 alibi

388 2686 571 2773 sepissime.
591 2686 667 2750 Non
698 2704 806 2752 tamen
834 2689 898 2752 hoc
920 2709 1091 2768 recenseo,
1120 2683 1210 2772 quod
1237 2685 1379 2748 nesciam
1406 2684 1457 2749 di·

386 2791 595 2880 phthongum
610 2814 692 2880 saepe
708 2792 1013 2878 retineri‚sequente
1025 2790 1137 2871 vocali,
1151 2807 1200 2869 ut,
1212 2789 1379 2853 Castaneae
1394 2792 1458 2852 ltin

386 2911 473 2958 sutoe.
489 2898 573 2958 Ante
589 2897 646 2960 tibi
657 2898 738 2960 Eoae
750 2896 945 2960 Atlantides.
964 2897 1005 2958 Et
1018 2896 1088 2983 ipse
1105 2896 1225 2958 Seneca
1238 2896 1271 2957 in
1289 2895 1455 2983 principio

387 2998 522 3064 Troadis
537 3001 697 3090 tragoediae
713 3017 820 3084 sextae,
836 3001 983 3066 AEacidoe
998 3023 1113 3065 arnus:
1128 2999 1185 3063 sed
1201 3016 1239 3062 ut
1254 3000 1375 3087 primas
1390 3003 1456 3088 syl·

387 3105 473 3168 labas
489 3105 521 3168 in
540 3107 628 3170 Ionio
645 3109 784 3172 lubricas
802 3124 916 3188 tester3
938 3129 1044 3194 neque
1062 3129 1205 3194 unquam
1228 3106 1367 3168 inveniri
1386 3123 1454 3169 tro-

386 3210 509 3274 chaeum
522 3211 556 3274 in
575 3212 706 3278 Senecae
719 3197 889 3293 trimetris,
904 3214 966 3276 nisi
982 3213 1016 3275 in
1032 3211 1176 3276 versibus
1190 3210 1283 3300 plane
1297 3209 1454 3300 deprava·

384 3317 434 3380 tis.
453 3317 662 3404 Pyrrhichius
684 3344 816 3408 quoque
828 3321 944 3386 nullibi
957 3318 1138 3384 admittitur
1153 3319 1188 3381 in
1207 3317 1270 3382 hoc
1288 3319 1452 3398 iambico,

303 3456 307 3463 ·
385 3421 457 3483 licet
475 3422 527 3485 alii
544 3423 743 3487 contendant
761 3448 829 3488 esse
846 3424 1069 3512 pyrrhichium
1088 3423 1121 3486 in
1133 3423 1241 3486 fronte
1253 3423 1375 3486 borum
1389 3424 1451 3486 he·

383 3525 639 3592 misticbiorum:
659 3531 751 3593 Periit
767 3531 809 3592 ab
825 3534 915 3618 ipsis:
926 3529 1018 3593 Abiit
1027 3551 1140 3596 arenas
1149 3551 1161 3592 .·
1171 3528 1277 3592 Rediit
1287 3527 1449 3608 Achilles,

382 3628 440 3693 sed
463 3630 595 3696 mirifice
616 3632 831 3722 decipiuntur.
856 3635 987 3698 Possem
1011 3633 1118 3698 dicere
1141 3631 1220 3694 inibi
1245 3632 1448 3722 tribrachym
1524 3657 1525 3660 ¹

381 3755 465 3812 esse,
480 3751 518 3797 ut
536 3735 569 3798 in
585 3737 725 3826 Thyeste
739 3735 891 3826 tragoedia
913 3735 1074 3818 secunda,
1098 3735 1195 3824 Quod
1205 3741 1288 3798 ratio
1305 3741 1448 3824 nequii,

380 3855 417 3902 ut
433 3838 545 3904 millies
559 3841 652 3906 alias:
671 3845 780 3931 potins
798 3860 906 3908 tamen
920 3843 1023 3907 dicam
1036 3843 1069 3906 in
1089 3843 1149 3907 illis
1167 3841 1272 3905 tribus
1286 3865 1358 3906 esse
1372 3845 1451 3906 iam·
1522 3849 1523 3867 ¹

379 3944 476 4024 bum,
495 3945 570 4031 quia
583 3958 598 4008 t
612 3947 701 4012 litera
717 3948 816 4044 finalis
834 3971 916 4036 saepe
932 3946 1140 4036 producitur:
1157 3946 1311 4028 Ovidius,

520 4091 557 4144 Ut
571 4095 688 4158 monuit,
701 4087 761 4149 cuni
775 4117 840 4151 voce
854 4095 924 4150 abiit.
