3168 5140
382 524 455 598 282
670 529 708 596 L.
738 524 909 596 ANNAEI
936 524 1157 596 SENECAE

433 662 477 728 Et
496 673 727 732 contumacem
746 661 879 756 regibus
896 659 1058 756 populum
1081 662 1147 730 suis

433 766 544 837 Habet
559 767 622 837 sub
639 769 729 838 ictu:
746 767 851 864 {ialget
868 769 924 837 hic
941 767 1046 839 turbae
1068 789 1172 862 capax

433 875 584 944 immane
602 889 750 961 tectum,
770 875 865 969 cujus
880 889 1013 946 auratas
1029 873 1140 943 trabes

434 981 544 1050 Variis
561 979 725 1051 columma
740 980 868 1052 nobiles
885 981 1022 1052 maculis
1040 981 1160 1050 ierunt

432 1088 511 1156 Post
528 1087 591 1155 ista
604 1085 706 1182 vulgo
723 1101 824 1174 nota,
839 1112 914 1183 quae
931 1085 1047 1184 populi
1065 1085 1196 1175 colunt,

431 1194 474 1262 In
494 1191 599 1262 multa
615 1193 708 1265 dives
729 1196 834 1290 spatia
854 1195 993 1266 discedit
1014 1193 1143 1264 domus.

430 1291 561 1368 Arcand
577 1301 612 1369 in
630 1304 698 1370 imo
714 1303 805 1396 regia
822 1325 952 1391 secessu
969 1315 1078 1396 patet,

431 1404 507 1476 Alta
520 1420 688 1478 vetustum
702 1406 788 1477 valle
805 1421 1020 1503 compescens
1037 1431 1173 1493 nemus,

432 1511 603 1583 Penetrale
624 1515 738 1611 regni,
756 1512 847 1584 nulla
864 1539 930 1610 qua
944 1513 1037 1584 latos
1051 1512 1135 1584 solet

380 1731 474 1780 auam,
494 1731 584 1770 arcem
601 1713 708 1770 tuenda
723 1713 892 1789 tyrannidis,
936 1731 993 1786 qno
1008 1731 1082 1788 regen
1094 1733 1124 1770 ae
1138 1713 1258 1786 recipere
1269 1711 1396 1768 sciebant
1407 1743 1444 1754 -

380 1794 892 1868 montianhjeeerintpriaciregnatorca.
936 1796 1018 1850 Peter.
1043 1795 1158 1868 Propter
1179 1791 1384 1866 amplitudinem
1405 1789 1444 1845 di·

379 1874 461 1928 Menti
477 1873 561 1946 igitur
575 1875 734 1947 generaliter
750 1875 891 1948 intelligo:
936 1888 1009 1929 ctam
1022 1893 1029 1928 :
1040 1874 1113 1930 unde
1132 1893 1201 1928 vana
1216 1885 1256 1928 eat
1273 1871 1359 1944 Lipaii
1377 1889 1443 1944 qnae-

379 1952 599 2025 anrgnntndeain
608 1966 708 2010 tantam
715 1955 893 2022 altitudinem,
936 1955 1002 2008 atio:
1012 1981 1025 2004 ι
1033 1954 1061 2010 Si
1071 1974 1176 2018 amena,
1186 1949 1324 2026 manando
1333 1959 1419 2022 petet?
1431 1977 1441 1997 ·

378 2045 410 2087 ut
423 2046 543 2088 montem
555 2033 663 2089 dixerit.
676 2065 717 2078 -
731 2035 831 2090 Crescit.
844 2035 892 2090 Sil.
977 2033 1045 2090 651.
1058 2035 1213 2106 comparem
1224 2052 1314 2086 maaca.
1328 2031 1447 2104 Comple-

379 2113 457 2178 XIV,
469 2113 524 2184 309
537 2131 545 2166 τ
560 2115 684 2187 uPerqne
698 2115 779 2170 altam
793 2115 892 2170 molem
906 2161 910 2170 ,
934 2126 1010 2170 ctena
1028 2115 1080 2169 elta
1097 2133 1145 2170 aaa
1164 2114 1234 2168 valle
1251 2123 1389 2168 vetnatnm
1402 2131 1445 2165 ne·

379 2205 406 2246 et
420 2193 499 2246 totiea
510 2195 655 2250 macentia
668 2207 738 2250 tecta
751 2194 888 2251 scandit·
936 2213 1007 2248 mna.
1031 2193 1108 2249 Hanc
1129 2193 1202 2248 enirn
1228 2191 1446 2264 significationem

380 2270 450 2327 add.
466 2272 543 2327 Curt.
557 2275 648 2341 vm,
670 2293 716 2330 rr.
738 2307 779 2318 -
805 2277 892 2329 Urbem
935 2273 1017 2328 habet
1036 2273 1188 2346 campercere.
1203 2272 1231 2328 S.
1247 2273 1344 2343 Pomp.
1359 2271 1447 2325 Fennis

375 2356 471 2422 premit,
483 2353 553 2406 Urbi
566 2353 691 2408 imminet
702 2369 735 2409 et
754 2355 829 2428 qnasi
850 2356 892 2410 in·
935 2353 984 2408 lib.
996 2353 1012 2406 3
1024 2372 1032 2406 :
1048 2354 1219 2426 «compescen
1227 2365 1267 2406 eat
1275 2353 1350 2406 velut
1360 2352 1395 2404 ab
1403 2371 1446 2404 en·

378 2432 490 2486 cambit.
500 2430 562 2486 Sen.
573 2433 652 2504 epist.
665 2435 787 2503 90:11oe
801 2437 892 2489 maehi-
935 2431 998 2487 dem
1010 2453 1110 2505 paacno
1122 2433 1290 2490 continere·
1304 2430 1345 2486 la
1356 2432 1402 2484 iih.
1417 2437 1445 2495 6:

378 2516 486 2565 nationes
500 2523 614 2565 tector-rem
627 2533 701 2585 anpm
717 2525 778 2567 tecta
792 2535 892 2586 surgen·
940 2525 953 2548 ·
968 2512 1120 2586 Compescere
1133 2527 1172 2570 eat
1183 2532 1237 2568 una
1250 2531 1372 2585 parcere,
1382 2523 1409 2566 et
1420 2512 1446 2564 in

380 2597 456 2656 tium,
471 2605 496 2644 et
510 2591 579 2646 urbes
588 2598 753 2662 proruentium.
938 2611 993 2648 uno
1012 2595 1072 2649 loco
1094 2595 1240 2650 continere.
1259 2619 1270 2640 ι
1289 2594 1391 2646 Perott.
1415 2591 1447 2645 ad

419 2676 488 2735 644.
504 2669 681 2727 armam
695 2673 826 2744 Obaeqnii
840 2674 892 2728 im·
935 2673 1017 2728 Mart.
1036 2673 1121 2747 epigr.
1143 2675 1263 2728 tertium.
1280 2699 1292 2721 ι
1305 2672 1445 2744 Com,

413 2752 531 2806 tientem.
547 2751 661 2819 Seneca,
671 2753 748 2824 epist
760 2753 796 2808 83
810 2774 817 2805 :
830 2755 893 2807 Hoec
936 2769 1063 2820 mercen,
1077 2755 1155 2825 qnaai
1170 2755 1241 2808 intra
1255 2769 1355 2824 paacna
1366 2751 1450 2806 cunti·

378 2769 526 2898 izbrietaa)
538 2835 754 2886 ωηιωιιαοὺιὺηω
770 2845 794 2884 et
806 2836 893 2904 jugan·
936 2851 1003 2899 nec,
1018 2852 1068 2888 nec
1078 2833 1167 2906 vagari
1181 2830 1449 2905 permina-Dicitur

380 2923 513 2964 moerentes
528 2914 554 2964 in
563 2913 667 2966 αἰιὶιιαιη
680 2918 731 2983 egit
742 2913 876 2967 arbitrirm.
935 2912 1009 2984 regia
1029 2932 1125 2968 nemus
1141 2925 1277 2968 aetnamm
1291 2913 1321 2966 in
1336 2913 1389 2966 alta
1402 2929 1449 2966 aaa

419 2991 484 3053 645.
499 2992 583 3044 Habet
597 2993 641 3045 snb
656 2997 713 3046 ictu.
728 2993 842 3060 Seneca,
858 2991 892 3046 de
935 2993 1003 3048 veile
1016 2993 1172 3048 continere:
1186 3011 1262 3058 nam,
1275 3011 1360 3064 quum
1373 2991 1449 3045 Pelo-

380 3071 470 3124 Benei.
484 3072 527 3137 11,
545 3092 580 3143 ²9
596 3090 603 3124 :
616 3073 735 3143 Cogite...
747 3092 818 3144 quam
832 3074 896 3126 rita!
936 3091 986 3144 per
998 3071 1096 3128 domna
1106 3074 1136 3128 in
1147 3071 1221 3128 edito
1230 3073 1292 3126 loco
1304 3083 1448 3136 autnatnr,

379 3153 412 3203 sit
420 3152 521 3203 mortale
529 3152 626 3205 masat
635 3155 684 3206 ieta
695 3155 892 3221 nortmpmttum.
935 3152 1449 3226 valleqnadamcingitnr,cuivetnstnm

379 3231 414 3284 Et
424 3229 463 3284 id.
476 3230 511 3285 de
526 3231 635 3287 Cocani.
649 3230 683 3286 ad
700 3233 785 3287 Marc.
800 3253 817 3303 9
830 3233 894 3286 :1110
935 3245 962 3287 et
975 3233 1056 3288 ferale
1068 3251 1164 3287 namne
1178 3231 1266 3287 induit
1279 3231 1373 3286 Poeta.

377 3311 505 3365 damnatae
523 3324 574 3375 κὴ·
589 3325 614 3366 et
632 3325 674 3366 tue
694 3315 829 3366 mamutio
849 3313 893 3366 sub
977 3311 1042 3368 65².
1064 3313 1192 3366 Penemle
1212 3314 1290 3382 regni.
1311 3311 1448 3365 secretam

379 3396 481 3446 ietuest.
936 3392 1160 3464 sacrariumque
1168 3391 1231 3446 anlia
1242 3392 1352 3463 regibna
1365 3391 1449 3444 seaeat

421 3474 489 3536 648.
499 3472 893 3544 Quoepopulicolrmt.Pcatiatam
934 3483 1085 3544 penetrare.
1093 3472 1170 3544 Virg.
1178 3475 1239 3524 AEn.
1251 3471 1292 3536 11,
1301 3475 1373 3534 484:
1382 3471 1449 3541 ιΑρ-

380 3550 587 3625 adiumpartem
593 3553 674 3624 vulgo
680 3564 773 3606 notam
779 3565 806 3606 et
812 3569 893 3624 quarn
936 3563 1031 3622 parent
1041 3551 1140 3606 Priami
1154 3563 1181 3605 et
1193 3563 1314 3604 aetenam
1329 3563 1448 3622 penetra-

381 3633 460 3686 turba
469 3651 517 3686 aua
528 3633 623 3704 populi
635 3633 780 3688 celebrant.
935 3631 970 3683 lia
983 3649 1085 3702 regum.
1099 3655 1110 3678 ι
1129 3632 1166 3685 Et
1175 3631 1243 3696 VII,
1259 3629 1294 3698 59
1310 3648 1317 3682 :
1332 3632 1448 3684 -Lanme

421 3717 488 3782 649.
506 3713 625 3766 Discedit.
643 3715 676 3766 In
694 3725 796 3768 vastem
807 3729 894 3766 accre-
936 3723 994 3766 erat
1008 3712 1073 3766 tecti
1087 3709 1194 3777 medio,
1206 3711 1234 3764 in
1251 3711 1447 3782 penetralibna,

382 3803 492 3862 tamque
507 3791 713 3864 amplitudinem
731 3791 891 3848 extenditur.
937 3791 1004 3844 altia.
1016 3815 1028 3838 ι
1041 3791 1087 3845 1)ίί
1101 3789 1241 3844 domestici
1255 3809 1304 3844 aen
1320 3791 1447 3852 Penatea,

381 3869 426 3923 Sic
435 3869 532 3928 Catuli.
542 3870 662 3946 denapt.
671 3873 752 3928 Thet.
762 3886 789 3926 et
800 3873 856 3926 Pel.
865 3891 890 3926 v.
936 3871 1203 3936 Lareadamiliarea,
1217 3869 1246 3924 in
1261 3870 1389 3926 interime
1401 3868 1446 3922 do·

384 3948 435 4013 43:
447 3951 638 4024 Quacumque
647 3953 774 4024 opulenta
787 3951 893 4006 receaeit
936 3969 996 4006 mna
1008 3965 1086 4023 parte
1098 3951 1276 4016 colebantur,
1290 3961 1318 4004 et
1331 3948 1394 4004 iden
1407 3947 1447 4003 di·

381 4030 491 4102 Regia.»
936 4032 1066 4086 cebantur
1084 4029 1317 4104 penetralee.Vid.
1339 4030 1397 4085 cic.
1415 4027 1447 4082 de

422 4109 486 4165 650.
508 4109 610 4164 Arcana
627 4151 670 4166 ...
689 4115 765 4184 regia.
791 4113 892 4166 Arcana
937 4111 998 4166 Nat.
1015 4115 1094 4166 Deor.
1112 4113 1152 4178 11,
1168 4131 1214 4181 27,
1225 4121 1253 4164 et
1266 4109 1342 4163 Noat.
1355 4111 1446 4162 l’iroen.

380 4209 474 4262 regum
489 4188 585 4255 aeder,
606 4206 705 4248 recreta
721 4211 782 4264 para
797 4191 892 4247 domna
940 4191 1002 4258 ito,
1011 4189 1110 4264 OEdip.
1120 4189 1447 4246 mandamentum
