3240 5138
363 489 413 559 ott
646 486 683 552 L.
714 483 891 552 ANNAEI
907 483 1136 554 -sENEcAE

469 615 559 686 Rello
576 639 679 710 quum
698 628 826 710 peteres
843 615 1040 684 Nestoream
1060 615 1180 710 Pylon,

466 727 590 792 Tecum
606 722 772 791 conseruit
788 721 959 815 pestiferas
975 745 1111 808 manus,

466 829 582 900 Telum
598 829 780 922 tergemina
796 826 931 921 cuspide
949 829 1125 921 praelcrcns
1142 853 1149 894 :

468 909 598 1029 ElIirgit
613 935 705 1004 tenui
720 932 856 1002 vulnere
873 934 1021 1020 saucius,

468 1045 512 1110 Et
529 1041 643 1109 mortis
658 1039 811 1110 dominus
829 1040 999 1132 pertimuit
1019 1042 1110 1109 mori.

469 1151 584 1216 Fatum
603 1171 719 1240 rumpe
736 1170 835 1214 manu
855 1169 862 1210 :
882 1146 1028 1214 tristibus
1046 1147 1157 1215 inferis

467 1257 663 1346 Prospectus
681 1264 791 1346 pateat
810 1249 909 1336 lucis,
929 1266 962 1319 ct
980 1254 1087 1320 invius

467 1360 577 1428 Limes
595 1357 652 1425 det
668 1355 779 1426 faciles
797 1356 839 1425 ad
856 1381 992 1451 superos
1009 1360 1088 1426 vias.

466 1465 614 1532 Immites
632 1463 740 1557 potuit
757 1462 889 1533 flectere
907 1463 1058 1532 cuntibus

359 1672 453 1737 video,
472 1670 597 1734 eliciunt,
612 1668 674 1740 quin
693 1687 742 1738 ego
760 1665 794 1720 nd
816 1669 867 1721 boc
912 1667 1020 1723 Hastam
1039 1671 1213 1742 interpretare
1233 1673 1420 1746 tricuspidem,

359 1771 442 1828 genus
451 1750 590 1804 bominum
600 1747 709 1801 duravi:
720 1748 786 1819 quin
795 1749 868 1820 prius
911 1751 1030 1820 quernei
1047 1769 1239 1823 nonnunquam
1253 1773 1303 1825 pro
1315 1769 1420 1828 sceptro

361 1838 406 1888 He
419 1831 542 1903 adplene
556 1827 717 1900 penennvil
735 1854 746 1875 ι
911 1842 939 1882 et
949 1829 1052 1884 bidenti
1065 1832 1138 1886 lurco
1148 1845 1248 1886 veteres
1260 1835 1419 1902 attribuerey

402 1915 466 1967 tor.
481 1912 621 1963 Nestoream
639 1908 729 1980 Pylon.
750 1907 868 1979 Pylum,
912 1923 942 1962 nt
955 1929 986 1963 ex
1000 1923 1125 1982 argenteo
1143 1913 1302 1967 Diocletiani
1318 1917 1420 1970 numis-

361 1997 454 2048 urbem
475 1991 502 2042 in
519 1987 667 2050 Messenia,
684 2001 730 2040 sut
747 1984 868 2050 Ettdm
912 2003 982 2042 mete
999 1991 1092 2044 inferri
1110 2004 1209 2064 potest,
1225 1993 1322 2066 inquo
1339 1996 1418 2049 Pluto

363 2075 461 2137 Nelea,
482 2069 601 2123 Nestoris
614 2080 707 2139 petre,
723 2063 867 2120 conditam.
912 2069 1052 2124 exhibetur
1063 2071 1259 2138 hasnns‚hoc
1269 2072 1360 2127 uddito
1374 2094 1420 2128 eo·

360 2152 455 2216 Quum
468 2149 511 2203 ille
524 2147 645 2201 Herculis
655 2147 706 2200 ires
716 2145 745 2197 in
758 2163 786 2198 se
803 2163 869 2197 con-
912 2149 1038 2219 gnomine
1056 2151 1134 2203 Tutor
1146 2156 1279 2206 animarum
1288 2157 1418 2223 justarum.

361 2233 490 2284 citavisset
502 2225 513 2292 (
523 2246 574 2300 qus
586 2225 620 2280 de
632 2243 708 2280 censs
721 2225 869 2290 incertum
954 2229 1020 2282 ⁵65.
1042 2230 1130 2283 Mortis
1144 2232 1261 2286 dominus.
1278 2232 1419 2288 Claudisn.

362 2331 417 2365 non
435 2311 508 2364 euim
522 2309 658 2379 Hyginum
674 2305 773 2358 Seneca
792 2324 869 2358 secu·
912 2304 946 2360 de
958 2321 1026 2380 rapt.
1040 2309 1164 2382 Pmserp.
1177 2312 1205 2374 1,
1222 2312 1255 2366 55
1273 2331 1281 2366 :
1296 2339 1307 2361 ι
1324 2314 1420 2367 Oma.

362 2405 404 2444 ωε
426 2401 487 2455 est,
509 2398 679 2451 narrantem,
698 2385 788 2439 subula
808 2384 868 2448 31,
912 2387 983 2440 xime
1002 2389 1087 2442 noctis
1108 2389 1231 2454 Arbiter,
1253 2393 1419 2447 umbrarum·

363 2472 477 2524 Neleum
488 2469 522 2522 ab
530 2465 643 2521 Hercule
653 2465 770 2518 occisum
779 2501 787 2524 ,
796 2461 869 2534 quod
912 2485 964 2538 que
976 2471 1179 2542 potens,....qni
1192 2470 1272 2524 finem
1286 2474 1420 2526 concriset

361 2549 478 2604 noluerit
490 2566 552 2600 eum
563 2547 674 2598 lusunre
687 2554 732 2598 aut
743 2561 868 2614 purgare,
911 2546 1012 2601 semina
1028 2549 1337 2623 prebes,Nsscendiqne
1348 2553 1420 2606 vices

364 2630 453 2684 uxoris
471 2629 585 2698 Megara
599 2636 627 2678 et
641 2623 761 2677 fitiorum
773 2623 869 2675 Tberi-
913 2627 1015 2680 alterna
1029 2642 1115 2682 morte
1125 2628 1325 2701 rependis‚Qui
1335 2633 1420 2686 vitum

363 2709 451 2766 machi
462 2721 489 2760 et
502 2705 610 2777 Ophitis
623 2702 693 2758 cede
704 2702 869 2756 contamina·
913 2706 1052 2777 letumque
1064 2708 1148 2780 regis,
1161 2721 1211 2762 ete.
1226 2723 1275 2766 etc.
1292 2737 1303 2758 ι

362 2780 455 2856 tum),
474 2784 579 2840 Alcides
589 2784 685 2855 Pylum
695 2782 869 2853 expugnavit,
929 2791 931 2796 ’
954 2783 1020 2841 566.
1034 2788 1124 2840 Fatum
1136 2809 1216 2860 rumpe
1228 2809 1307 2844 manu.
1321 2789 1354 2844 Id
1365 2804 1418 2854 est,

365 2869 530 2938 Nelenmque
543 2877 570 2916 et
585 2865 641 2934 ejus
655 2861 741 2925 lilios,
758 2874 869 2934 excepto
912 2865 996 2936 legem
1012 2885 1173 2938 perrumpe,
1190 2888 1241 2941 qua
1254 2869 1366 2940 gradum
1379 2890 1421 2924 η.

364 2951 492 3010 Nestore,
510 2941 661 2998 trucidavit.
676 2939 740 2993 vid.
759 2940 867 3011 Homer.
911 2956 955 2997 tro
969 2943 1074 2998 flectere
1084 2958 1225 3011 vetentur,
1240 2950 1285 3019 qui
1299 2949 1334 3003 sd
1355 2950 1421 3003 inle-

365 3027 441 3082 Ilisd.
455 3028 507 3087 III,
523 3025 580 3092 689
595 3033 622 3076 et
636 3040 694 3092 sqq.
708 3009 869 3091 oedem,
912 3043 956 3077 ros
972 3037 1190 3095 penetraverunt.
1209 3028 1298 3082 Manu.
1314 3029 1419 3084 Scilicet

343 3115 352 3134 t
367 3100 607 3177 morid.
615 3101 722 3153 Metam.
730 3099 867 3168 xn,⁵e9.
912 3123 960 3174 per
974 3104 1037 3157 vim.

406 3189 471 3242 562.
487 3186 573 3238 Tecum
582 3183 707 3232 conseruit.
721 3179 784 3245 Quo
797 3179 868 3232 enim
953 3183 1020 3255 567.
1037 3185 1179 3257 Prospectus
1190 3199 1277 3256 patent
1292 3189 1360 3240 lucis.
1374 3188 1419 3242 CI.

364 3267 509 3322 certamine
520 3261 644 3316 Hercules
653 3260 764 3312 Neleum
775 3272 869 3312 essuos
912 3281 992 3334 supra
1016 3283 1083 3320 vers.
1111 3284 1164 3334 ²9⁰
1184 3277 1211 3319 et
1230 3285 1291 3339 sqq.
1309 3268 1418 3323 Homer.

364 3348 444 3413 vicit,
455 3345 539 3397 sertin
554 3342 633 3394 Pluto
648 3337 731 3409 Pyliis
741 3339 868 3396 auxilium
913 3342 988 3397 Iliad.
1003 3344 1071 3410 XX,
1087 3343 1141 3409 56,
1155 3357 1182 3398 et
1200 3347 1245 3418 qui
1262 3349 1336 3402 illum
1357 3350 1418 3401 imi.

365 3427 454 3480 tulisse
467 3435 494 3476 et
508 3424 541 3474 ab
556 3419 670 3473 Hercule
684 3418 780 3472 vulnus
795 3435 867 3471 ncce-
912 3422 960 3474 tnti
973 3436 1053 3488 sunt,
1066 3424 1140 3496 Virg.
1159 3427 1218 3480 AEn.
1239 3429 1322 3490 VIII,
1345 3428 1419 3491 ²4³3

364 3507 441 3578 pisse.
457 3501 551 3556 Paucis
570 3498 605 3552 de
621 3498 674 3552 hoc
690 3496 789 3552 Alcidis
805 3517 868 3552 cum
913 3500 993 3555 Ovid.
1005 3503 1111 3558 Metam.
1124 3505 1243 3570 v‚356‚
1257 3518 1283 3558 et
1296 3506 1418 3570 Boileau,
1513 3559 1516 3566 .

365 3587 476 3640 Plutone
484 3579 731 3651 congressumentio
743 3577 809 3630 fucta
820 3590 867 3632 est.
911 3580 939 3633 in
952 3583 1066 3653 Longin.
1081 3583 1244 3655 interpretat.
1259 3602 1294 3654 73
1347 3628 1354 3642 .

364 3661 487 3737 Apollod.
498 3661 541 3724 II,
552 3679 567 3730 7
579 3677 585 3710 τ
598 3657 672 3711 Κατὰ
681 3655 711 3711 dl
722 3658 765 3714 titt
775 3658 868 3728 μάχην,
911 3667 1099 3708 Ia'enlers'emeutnu
1105 3670 1156 3708 bruis
1161 3671 1184 3708 de
1192 3672 1283 3722 Neptune
1289 3685 1313 3710 en
1319 3670 1377 3717 Iuris.
1383 3683 1418 3712 ste.

347 3745 404 3796 *sni
420 3733 487 3796 ltus
506 3741 596 3809 ispum
612 3739 708 3798 Ilutiue
724 3738 866 3803 βοηθοῦντα.
953 3739 1018 3810 569.
1041 3742 1144 3794 Immites
1159 3745 1248 3812 potuit.
1267 3742 1331 3797 snt.
1353 3744 1418 3796 Silv.

362 3854 403 3866 -
417 3821 564 3887 Pestrsem,
584 3818 722 3881 infernas,
743 3818 867 3870 funestas.
911 3820 971 3883 111,
986 3819 1053 3884 3,v.
1070 3821 1139 3888 193:
1157 3848 1168 3868 ·
1184 3823 1317 3876 Immitem
1329 3825 1420 3894 potuit

404 3901 469 3956 563.
496 3899 580 3951 Telum
608 3901 736 3966 tergemina
763 3897 866 3966 cuspide.
911 3898 992 3970 Styga
1004 3899 1110 3952 vincere
1125 3902 1237 3971 supplex
1249 3903 1387 3956 Thracius.
1404 3929 1416 3949 ι

361 3980 620 4046 Galliciinterpretes
629 3977 685 4030 brec
693 3975 866 4031 reddiderunt
909 4009 949 4021 -
962 3978 1065 4031 Dicitur
1085 3979 1226 4050 Orpbeus,
1246 3999 1331 4052 quum
1351 3984 1419 4035 nmi-

359 4063 441 4116 verbo
467 4057 586 4112 francico
609 4057 714 4122 trident;
741 4069 864 4126 tanqum
908 4058 983 4112 sisset
1000 4057 1150 4131 Eurydicen
1172 4078 1186 4112 a
1206 4074 1328 4131 serpente
1347 4063 1418 4114 occi-

359 4141 459 4196 tridens
480 4136 606 4208 proprius
626 4136 705 4190 luerit
725 4136 844 4188 Plutonis
856 4137 863 4186 l
908 4155 961 4189 sam
971 4177 978 4200 ‚
990 4136 1024 4190 ad
1038 4139 1135 4192 inlesos
1144 4138 1309 4194 descendisse
1318 4181 1325 4205 ,
1334 4143 1420 4193 vocis·
