3118 5138
295 504 574 578 HERCULES
598 498 819 574 FURENS.
846 493 956 565 Act.
978 497 1006 563 I.
1140 513 1175 558 ιι

179 641 345 714 Patefacta
365 639 408 708 ab
425 637 500 707 imis
521 634 675 704 manibus
694 645 784 700 retro
803 629 857 698 via
879 642 945 711 est,
1158 662 1181 700 ss

179 752 222 820 Et
240 771 334 818 sacra
355 745 433 815 dirae
454 745 571 814 mortis
591 742 628 810 in
647 736 900 833 apertojacent.

181 860 222 926 At
244 854 314 942 ille,
334 864 434 946 rupto
455 873 589 934 carcere
613 845 822 930 umbrarum,
844 841 937 910 ferox
975 899 978 910 .

179 965 232 1033 Dc
252 985 306 1030 me
325 957 525 1052 triumphat,
547 969 581 1024 et
599 949 797 1046 superbifica
818 971 919 1018 manu

180 1071 295 1138 Atrum
317 1089 378 1160 per
395 1062 495 1132 urbes
517 1060 608 1130 ducit
627 1055 796 1152 Argolicas
817 1077 942 1124 canem.

180 1175 260 1244 Viso
280 1170 445 1241 labantem
468 1167 616 1238 Cerbero
634 1163 702 1232 vidi
723 1162 831 1248 diem3
1156 1195 1181 1233 fi„

179 1278 403 1372 Pavidnmque
422 1273 525 1344 solem
541 1299 548 1339 :
563 1263 617 1342 me
637 1293 769 1364 quoque
787 1267 907 1336 invasit
925 1278 1066 1350 tremor,

180 1387 223 1454 Et
243 1399 337 1453 terna
359 1381 499 1450 monstri
518 1377 602 1448 colla
620 1375 740 1445 devicti
761 1375 912 1458 intuens,

179 1492 286 1560 Timui
309 1491 496 1583 imperasse.
518 1485 621 1553 Levia
640 1481 697 1552 sed
715 1481 852 1550 nimium
872 1501 1014 1572 queror:

180 1594 268 1668 Caelo
288 1593 471 1664 timendum
491 1603 556 1676 ost,
574 1611 677 1684 regna
695 1612 737 1655 ue
758 1608 886 1656 summa
905 1595 1064 1676 occupet,

179 1703 245 1791 Qui
267 1702 347 1770 vicit
370 1701 446 1768 ima.
471 1701 608 1791 Sceptra
627 1692 793 1789 praeripiet
813 1692 922 1785 patri:
1157 1725 1183 1764 ⁶5

179 1810 249 1878 Nec
267 1809 301 1875 in
319 1820 406 1876 astra
425 1803 513 1873 lenta
530 1803 659 1886 veniet,
678 1813 717 1866 ut
736 1796 905 1882 Bacchus,
923 1797 993 1878 via;

178 1916 247 1983 Iter
266 1913 361 1982 ruina
382 1923 524 2006 quaeret,
545 1923 579 1976 et
598 1930 704 1976 vacuo
726 1901 818 1972 volet

180 2023 332 2115 Regnare
351 2016 487 2086 mundo.
507 2014 641 2084 Robore
659 2024 795 2105 experto
814 2023 937 2095 tumet,

179 2129 221 2196 Et
240 2151 338 2222 posse
359 2121 475 2193 caelum
496 2119 620 2190 viribus
640 2119 727 2186 vinci
749 2117 814 2185 suis

178 2234 302 2304 Didicit
322 2229 458 2301 ferendo
477 2253 485 2295 ε
505 2223 651 2297 subdidit
668 2221 792 2292 mundo
808 2235 931 2316 caput,
1161 2271 1187 2304 7..

178 2343 247 2411 Nec
263 2339 353 2407 flexit
369 2337 526 2404 humeros
542 2329 638 2401 molis
652 2331 819 2400 immensae
834 2327 946 2409 labor,

129 2502 440 2575 retegit-Sygaquasiis
453 2519 508 2554 non
520 2511 634 2551 retexent
680 2502 758 2556 55.
773 2503 933 2570 Patefacto..
945 2513 1020 2550 ,νιινο
1031 2501 1077 2549 via
1090 2509 1133 2548 est
1147 2494 1188 2546 Ab

128 2583 215 2648 ilium,
232 2579 369 2656 qumodo
381 2580 634 2650 effiqrfflssoiiuunin·
676 2581 736 2634 imis
749 2580 901 2634 munibuu'
894 2599 919 2632 m
934 2590 1018 2632 terras
1035 2577 1106 2630 riom
1126 2572 1187 2626 fecit

122 2666 187 2730 [σαί
204 2666 285 2723 Iovis,
304 2663 441 2713 discussisse
460 2672 554 2710 noctem
573 2657 635 2724 ubst*
676 2660 802 2714 Heroides
813 2671 839 2712 et
851 2659 965 2730 aperuit
975 2675 1025 2709 neo
1034 2673 1090 2730 jam
1104 2654 1137 2707 ad
1146 2670 1188 2704 ιιι

128 2761 196 2807 ιιιιι,
213 2740 525 2808 etmoxpmesccissoab'
515 2739 568 2788 mais
580 2755 634 2785 ma-
676 2757 752 2811 peros
765 2756 844 2792 auras
858 2739 892 2791 ob
905 2737 997 2791 inseris
1016 2731 1120 2808 regredi
1132 2749 1187 2785 nou

128 2779 196 2872 nibai
203 2835 271 2871 retro
285 2821 357 2871 viam
372 2815 495 2870 dicatur?
506 2817 541 2868 At
555 2815 635 2885 longe
677 2819 749 2872 licet.

126 2897 195 2952 uliud
206 2909 299 2972 aperta
312 2896 392 2950 fuisse
405 2895 511 2949 Herculi
532 2894 634 2948 inferna
713 2899 757 2952 66.
773 2903 859 2950 Sacra.
874 2896 1004 2949 Interiora
1014 2906 1040 2947 et
1055 2893 1132 2965 qnasi
1145 2909 1188 2944 sa·

128 2978 181 3031 loca
193 2978 228 3031 ad
240 2989 345 3049 tempus
355 2975 497 3039 duntaxat,
509 2975 575 3028 dnm
585 2991 634 3046 po-
677 2977 792 3030 crarium
802 2975 969 3049 adytumque
978 2973 1076 3026 inferni
1085 2969 1187 3042 templi.

126 3057 215 3110 tiretur
227 3057 333 3130 pradum
347 3055 436 3120 aliud,
448 3055 471 3109 si
483 3053 575 3108 eadem
589 3071 635 3106 cu·
712 3060 756 3110 δι,
772 3062 861 3108 Tema.
871 3055 953 3108 Ovid.
967 3055 1076 3108 Metam.
1086 3053 1185 3114 Xm:

127 3137 186 3190 tem's
197 3155 324 3210 quoqne,
342 3147 372 3189 et
381 3135 596 3206 omnitempore,
608 3145 636 3187 et
680 3161 691 3182 ι
704 3137 793 3190 Terua
804 3134 929 3188 Medusaei
940 3133 1069 3187 vincirem
1082 3121 1187 3201 guttura

127 3215 255 3270 intutum
272 3227 362 3287 patere
380 3213 540 3268 dicerentur.
559 3213 635 3266 Prius
677 3216 798 3268 monstri.
813 3239 825 3260 ι

126 3293 230 3350 fluenti
239 3295 388 3366 obtigerat
406 3293 530 3366 quietim
538 3297 635 3362 patest-
681 3317 684 3322 ¹
712 3294 756 3348 66.
763 3301 863 3346 Lenta.
874 3295 1013 3354 wuacctus
1019 3293 1073 3341 uia.
1082 3287 1187 3359 Quippe

127 3377 296 3426 matum
309 3375 421 3426 manibus
431 3375 468 3424 ad
475 3391 591 3440 superos
608 3383 635 3424 et
677 3375 722 3446 qni
744 3393 791 3444 per
813 3372 900 3426 licitos
921 3369 1033 3444 padus,
1057 3385 1106 3421 uec
1127 3377 1189 3420 unte

127 3456 268 3504 metadiroe
283 3457 385 3514 mortis,
406 3449 502 3516 idest
521 3450 634 3504 verende
676 3452 796 3516 obitum,
810 3448 1049 3505 eterririncoelum
1057 3459 1189 3532 nonacen-

127 3533 217 3585 morus
227 3531 294 3585 duae
303 3532 379 3596 loca
393 3543 422 3585 ut
430 3531 498 3584 bene
508 3529 634 3584 return
678 3531 756 3585 derit.

127 3622 222 3683 terpres
250 3610 287 3665 ad
314 3611 388 3665 bunc
413 3612 521 3674 locum,
547 3609 634 3682 pertin
712 3614 754 3682 67.
776 3616 890 3662 Vacuo..
901 3610 1014 3661 ..mundo
1031 3609 1126 3658 Mrando
1139 3621 1188 3676 pro

126 3691 174 3742 ribi
185 3689 349 3745 reddiderat
363 3689 494 3744 Posterius
515 3689 635 3743 futurum
677 3695 753 3752 cato,
772 3702 801 3744 ut
811 3707 870 3762 sup
880 3709 907 3743 ι
921 3685 1188 3758 18‚etpaaumVa·

125 3783 181 3824 erat
184 3770 636 3844 ‚tistygiusistelocuoomuimon
677 3789 740 3834 cuo,
759 3763 788 3822 id
805 3780 856 3830 est,
873 3768 988 3840 expulsis
1003 3767 1103 3820 eureus
1121 3763 1187 3817 deis.

124 3850 216 3903 talium
228 3869 320 3923 generi
312 3851 402 3904 'foret
415 3853 509 3924 ι’μφαὴς
525 3861 552 3902 et
571 3847 633 3900 illu·
678 3807 805 3903 Norinulli
815 3852 905 3900 mundo
914 3883 921 3912 ,
931 3867 986 3901 non
995 3865 1044 3919 pro
1052 3845 1132 3908 celo
1143 3841 1189 3896 sed

124 3929 200 3994 stris,
210 3949 242 3984 ac
252 3949 303 4003 pro
315 3941 514 4001 tetroetopaco
524 3928 635 3982 horrore
677 3945 727 3999 pro
735 3927 905 3982 universitate
914 3945 1004 3980 rerum
1016 3925 1060 3978 bro
1072 3922 1126 3978 dict
1136 3941 1188 3976 en

123 4009 275 4081 spirabilem
284 4022 412 4064 naturam
420 4007 560 4071 iudueret;
571 4005 635 4058 utin
679 4008 863 4072 stimaveruut;
878 4008 962 4071 mala,
974 4026 996 4060 ιι
988 4005 1041 4060 ad
1052 4001 1188 4076 sequentia
1223 4037 1226 4044 ,

122 4089 184 4141 aula
192 4089 292 4155 minc
302 4109 357 4144 ese
366 4100 527 4161 expugnata
536 4087 635 4158 jactare
678 4086 818 4141 attenderis
826 4088 1108 4156 ,porsecoelumviribus
1122 4083 1191 4134 vinei

123 4165 631 4242 eeHmculesposset,cjectoPlutoue.
677 4171 800 4232 suis,etc.
