3090 5142
337 510 384 580 liv
641 507 704 576 DE
729 507 896 579 ANNAEO
922 505 1094 580 SENECA

334 625 496 718 adjungit,
509 625 689 692 cavendum
701 640 763 709 est,
775 648 817 691 ne
829 625 987 718 fingamus
997 629 1135 717 aliquem
1147 645 1180 694 ct
1192 631 1402 720 scriptoribus

334 733 495 801 historicis
512 749 546 796 et
562 731 623 822 ipsi
639 747 741 820 poetae
761 745 874 795 nostro
896 732 1056 822 ignotum.
1079 733 1142 798 Hic
1156 735 1260 818 enim,
1282 737 1309 800 si
1329 740 1402 826 quis
1540 739 1541 750 ’

333 842 384 906 illa
400 855 490 905 aetate
512 837 641 904 vixisset
655 837 793 918 Seneca,
814 835 915 902 Lucio
931 839 1054 902 Annoeo
1069 838 1265 928 philosopho
1278 841 1401 928 junior,
1538 831 1541 868 ²

334 945 463 1011 illustris
476 957 571 1033 poeta
580 942 720 1031 tragicus
730 956 764 1005 et
772 942 922 1005 alumnus
932 941 1092 1006 Cordubae
1104 941 1161 1029 (ut
1171 945 1215 1008 alt
1225 944 1399 1038 Sidonius)

333 1049 522 1140 praeceptori
554 1046 693 1112 Neronis
729 1045 994 1134 mquipamndus,
1027 1047 1132 1112 affinis
1168 1050 1264 1114 etiarn
1300 1053 1401 1118 Polloe

332 1153 544 1246 Argentaria,
569 1151 715 1242 prolecto
740 1171 816 1215 eum
842 1173 908 1216 non
937 1153 1089 1217 tacuisset
1115 1153 1149 1218 in
1175 1169 1226 1218 tot
1248 1155 1401 1222 laudibus

332 1263 493 1350 Hispania
519 1279 584 1326 sue
614 1271 646 1322 et
679 1278 793 1320 eorum
827 1257 993 1338 omnium,
1023 1258 1080 1346 qui
1110 1281 1148 1322 ex
1179 1259 1231 1323 illa
1262 1263 1400 1327 Romam

330 1383 494 1434 venerant.
518 1363 654 1429 Videtur
671 1383 747 1426 sane
767 1359 916 1444 Sidonio,
936 1383 1010 1450 quae
1030 1378 1080 1427 ast
1100 1365 1260 1428 sententia
1278 1367 1399 1450 Delrii,

329 1493 517 1563 persuasum
542 1467 658 1550 luisse,
682 1489 701 1530 e
723 1466 854 1532 duobus
877 1467 1006 1532 Senecis
1032 1483 1156 1557 patrem
1183 1469 1282 1535 brisso
1306 1472 1398 1537 illum

329 1576 561 1670 philosophum
574 1573 719 1638 Stoicum
733 1594 771 1637 ac
785 1587 1016 1662 praeceptorem
1033 1571 1187 1658 Neronis,
1203 1573 1306 1640 filium
1322 1599 1399 1642 vero

329 1700 458 1774 poetam
483 1681 658 1771 tragicum,
685 1693 723 1742 ut
746 1679 866 1742 mirum
891 1699 959 1742 non
985 1678 1044 1761 sit,
1069 1679 1252 1772 abeodem
1275 1681 1397 1747 bellum

329 1789 487 1858 Gallicum
506 1801 538 1852 et
559 1785 651 1850 civile
670 1781 802 1848 Caesaris
822 1797 918 1872 atque
938 1783 1087 1873 Pompeii
1108 1806 1170 1873 pro
1190 1807 1259 1850 uno
1275 1785 1396 1852 baberi.
1529 1781 1532 1788 ⁴

327 1895 416 1962 Nihil
429 1894 496 1975 jam
514 1913 575 1956 nos
592 1903 726 1954 movent
746 1909 912 1954 semones
931 1889 984 1954 isti
1005 1888 1122 1972 Stoici,
1141 1891 1262 1978 quibus
1277 1891 1397 1956 Seneca

326 2003 360 2066 in
378 1998 519 2089 epistolis
540 1995 581 2059 ad
605 1993 765 2060 Lucilium
788 1994 893 2082 poetis
914 1994 1076 2059 adversari
1095 1994 1233 2060 videtur.
1255 1997 1338 2062 Nam
1358 2013 1397 2061 ut

327 2124 489 2172 taceamus
517 2097 840 2190 Apocohcyntltosin,
873 2120 946 2187 quae
974 2115 1007 2164 et
1038 2101 1114 2164 satis
1148 2117 1300 2190 corrupta
1329 2115 1396 2182 est,

326 2211 489 2297 habetque
500 2205 598 2271 foedas
608 2205 753 2285 lacunas,
767 2219 799 2268 et
811 2205 924 2268 incerti
937 2207 1078 2270 auctoris
1090 2206 1223 2270 forsitan
1236 2205 1395 2288 videatur,

188 2345 192 2351 ·
325 2333 406 2381 teste
429 2312 534 2378 Plinio
555 2307 670 2398 (epist.
693 2308 732 2386 V,
758 2307 814 2397 3),
839 2309 908 2398 ipse
929 2311 1070 2375 Annuus
1090 2311 1211 2376 Seneca
1229 2311 1292 2376 fuit
1310 2312 1396 2376 inter

325 2422 529 2512 gravissimos
551 2415 654 2497 viros,
671 2415 729 2504 qui
750 2437 813 2479 non
828 2421 909 2482 ssn'a
928 2417 1039 2501 modo,
1062 2439 1173 2484 verram
1193 2422 1288 2483 stiam
1306 2418 1396 2484 lusus

324 2533 546 2617 caprimsrent.
563 2521 702 2610 Intelligi
716 2537 825 2586 autem
839 2523 910 2587 vult
924 2523 1099 2589 versiculos
1115 2547 1228 2614 parum
1246 2545 1391 2606 severos,

324 2633 512 2714 comoedias,
540 2631 656 2694 mimos
682 2643 716 2691 ct
742 2627 800 2691 alia
825 2629 858 2692 in
883 2630 1004 2718 quibus
1032 2647 1109 2695 sunt
1133 2632 1201 2695 istac
1223 2643 1393 2720 postorum

322 2742 447 2828 ruspare
470 2735 511 2801 ad
535 2730 742 2799 oblectandas
765 2755 858 2816 aures
884 2749 1074 2824 spectantes.
1100 2737 1193 2802 Tales
1217 2737 1392 2802 versiculos

322 2841 572 2932 philosophum,
590 2835 644 2901 cui
662 2857 747 2900 mens
765 2836 923 2902 interdum
944 2839 991 2902 ad
1000 2840 1091 2929 jocos
1108 2840 1285 2904 revocanda
1300 2841 1392 2906 ride-

322 2949 418 3014 batur
436 2946 498 3036 (de
521 2941 684 3032 tranquill.
706 2963 759 3005 an.
782 2963 811 3008 c.
839 2941 877 3010 15
889 2944 917 3030 ),
937 2945 1082 3009 erebrius
1100 2947 1196 3009 enam
1205 2945 1389 3034 factitasse,

320 3069 358 3118 ut
369 3070 443 3117 utar
451 3051 515 3116 boc
524 3049 684 3114 vocabulo
697 3047 799 3112 Taciti
810 3050 929 3114 Annal.
943 3049 964 3114 l.
980 3051 1070 3132 XIV,
1086 3073 1114 3115 c.
1134 3049 1192 3133 52,
1206 3051 1297 3139 quod
1313 3073 1390 3116 cuna

320 3160 376 3223 illo
393 3157 488 3223 Plinii
502 3155 739 3243 scrmtitasssin
754 3152 867 3220 eadem
883 3177 979 3220 causa
994 3158 1074 3220 mire
1089 3157 1261 3240 convenit,
1274 3173 1390 3222 aucto·

320 3266 405 3329 rituti
432 3262 694 3354 gravissimorum
726 3261 859 3325 testium
891 3261 1138 3326 concedendum
1166 3277 1223 3326 est
1256 3264 1325 3328 lana
1347 3263 1390 3330 de

318 3367 403 3434 ludis
421 3365 554 3456 quidem
577 3364 704 3456 tragicis
726 3366 778 3429 isti
800 3365 882 3430 nibil
904 3365 1117 3434 tradiderunt
1142 3369 1256 3451 Quum
1279 3385 1389 3434 autern

317 3453 544 3539 haec⁸carmina
558 3471 735 3534 etiamnum
750 3471 931 3559 supersint,
948 3495 985 3536 ac
998 3487 1079 3537 teste
1095 3471 1299 3556 Quintiliano
1312 3495 1389 3540 vere

317 3581 471 3644 Senecam
484 3577 625 3642 habeant
636 3593 824 3659 auctorem,
842 3599 901 3641 cur
913 3576 1118 3660 dubitemus,
1132 3601 1172 3642 an
1188 3593 1220 3645 et
1232 3579 1387 3670 gravitate

316 3684 413 3765 hujus
427 3681 630 3771 philosophi,
649 3703 747 3769 quam
766 3682 800 3744 in
815 3681 958 3769 epistolis
975 3683 1016 3746 ad
1034 3683 1194 3748 Lucilium
1212 3684 1387 3773 saepissime

315 3805 363 3855 est
379 3789 561 3878 professus,
580 3787 654 3852 satis
673 3786 866 3877 dignatum
887 3787 948 3852 illas
966 3788 1098 3871 fabulae,
1115 3791 1151 3853 in
1172 3789 1291 3879 quibus
1310 3791 1385 3878 plus

315 3896 410 3960 etiam
434 3895 610 3958 severitatis
632 3897 714 3956 inest
737 3914 836 3980 quam
860 3895 894 3957 irs
920 3899 1054 3982 togatis,
1080 3917 1160 3983 quas
1183 3895 1302 3960 mediiis
1320 3915 1386 3958 esse

312 4003 393 4064 inter
416 3998 591 4086 tragoedias
615 4009 647 4060 et
667 3997 850 4079 comoedias,
879 4013 912 4062 et
939 3998 972 4062 in
999 4000 1119 4088 quibus
1142 4015 1253 4088 poetas
1280 3999 1384 4066 musta

311 4105 447 4184 manse,
466 4105 527 4184 ait,
542 4123 616 4191 quae
632 4125 654 4164 a
666 4101 861 4190 philosophi
880 4117 939 4168 aut
955 4103 1042 4170 dt'cta
1063 4109 1143 4186 sint,
1163 4118 1223 4171 aut
1236 4105 1382 4170 debenda.
