3090 5142
351 519 420 588 lxiv
614 517 856 587 HISTORICA
879 517 937 584 ET
961 516 1144 585 CRITICA

393 638 504 704 Possis
519 635 605 726 apud
624 640 788 702 Romanos
807 659 874 701 sese
889 637 1080 724 eloquentie
1097 635 1294 716 adjunxerat.
1313 640 1417 704 Ante·

349 746 446 834 quam
462 745 650 809 Graecorum
668 759 751 807 artes
773 758 961 823 noscerent,
975 742 1041 821 jam
1061 742 1237 808 nonnullos
1253 743 1414 810 facundiae

309 844 316 852 ’
349 850 444 916 laude
453 850 641 924 excellentes
652 848 846 929 habuerant5
857 865 890 911 at
898 864 1069 936 postquam
1080 848 1140 912 ille
1153 849 1263 914 Romae
1276 848 1412 915 demum

349 957 574 1037 invaluerunt,
597 953 725 1021 dicendi
752 954 885 1018 facultas
918 952 959 1018 ad
991 976 1157 1024 summum
1182 953 1335 1018 ascendit.
1362 957 1412 1020 Ex

348 1061 500 1127 omnibus
516 1059 644 1124 Grecite
659 1060 794 1148 opibus,
811 1083 848 1123 ca
866 1057 1017 1126 videntur
1032 1058 1093 1122 sibi
1110 1058 1251 1147 primurn
1268 1059 1413 1124 vindiea-

347 1167 429 1232 risse
444 1166 598 1246 Romani,
615 1188 687 1252 quae
703 1163 744 1227 ad
756 1163 961 1230 efficiendum
971 1180 1003 1228 et
1011 1162 1237 1232 instruendum
1248 1179 1412 1228 oratorem

345 1271 535 1360 prodessent
543 1269 599 1360 (a).
610 1271 679 1334 Hac
691 1271 741 1334 ria
753 1269 840 1358 apud
851 1291 907 1334 eos
915 1291 1091 1358 progressae
1099 1285 1175 1333 sunt
1184 1269 1305 1334 litterae.
1315 1269 1412 1346 Unde

346 1377 547 1458 factumest,
566 1390 605 1439 ut
621 1372 753 1458 tamdiu
770 1373 977 1439 solummodo
1003 1373 1217 1437 sinceritatem
1241 1374 1412 1438 retinuerit

345 1483 470 1571 poesis,
482 1480 640 1570 quamdiu
653 1501 746 1544 suam
763 1480 988 1546 auctoritatem
1007 1477 1259 1568 dignitatemque
1274 1479 1411 1543 servarit

345 1587 538 1675 eloquentia.
565 1587 668 1650 Tanta
698 1585 817 1648 scilicet
842 1583 932 1648 alteri
957 1605 1035 1647 cum
1065 1582 1163 1647 altera
1189 1582 1410 1650 intercedebat

320 1730 323 1742 ·
345 1692 551 1773 conjunctio,
567 1709 606 1756 ut
622 1691 726 1781 poesis
742 1691 857 1773 latina,
885 1690 980 1754 etiam
1005 1712 1107 1776 quum
1126 1689 1263 1754 maxime
1281 1687 1409 1766 floruit,

344 1798 491 1862 habitum
504 1795 677 1885 quemdam
694 1797 872 1860 oratorium
886 1794 1022 1858 omnino
1038 1817 1154 1859 exuere
1170 1816 1236 1858 non
1254 1795 1409 1882 potuerit.

388 1902 564 1967 Occidente
581 1903 680 1990 igitur
694 1901 896 1989 eloquentia,
913 1898 1032 1965 occidit
1049 1916 1081 1963 et
1095 1899 1218 1987 poesis;
1239 1899 1407 1986 quodiam

337 2009 378 2075 ,in
392 2006 642 2072 celebratissimo
651 2005 706 2069 illo
715 2007 851 2096 Augusti
861 2007 979 2072 saeculo
989 2004 1105 2086 evenit,
1115 2028 1181 2092 quo
1194 2004 1302 2068 nullus
1313 2005 1410 2093 coepit

345 2113 552 2177 inclarescere
566 2113 664 2201 paulo
677 2112 835 2200 insignior
847 2128 881 2176 et
895 2111 964 2176 sani
976 2109 1087 2192 judicii
1103 2127 1195 2199 poeta
1207 2109 1263 2198 (a).
1279 2111 1410 2175 Erraret

344 2220 448 2300 enim,
467 2220 493 2282 si
509 2219 582 2306 quis
598 2217 696 2282 decus
713 2234 746 2282 et
760 2221 923 2282 fortunam
937 2217 1129 2304 eloquentie
1142 2217 1298 2281 aestimare
1313 2217 1411 2282 vellet

343 2347 382 2388 ex
394 2323 577 2388 scholarum
590 2345 739 2406 numero,
748 2323 805 2386 ubi
816 2323 961 2386 oratorie
970 2323 1046 2386 artis
1056 2339 1211 2410 praecepta
1219 2321 1408 2386 edisceban-

343 2445 416 2510 tur;
433 2451 504 2516 quae
520 2427 652 2516 quidem
669 2427 788 2490 mirum
805 2427 841 2490 in
858 2425 993 2490 modurn
1009 2442 1089 2490 nrnc
1105 2426 1279 2515 praesertim
1295 2427 1408 2490 multi·

343 2535 465 2622 plicatae
476 2551 569 2616 sunt,
589 2557 691 2624 quum
700 2557 763 2599 vox
777 2532 966 2622 eloquentie
978 2533 1214 2624 in'gravissimis
1224 2533 1408 2622 reipublicae

230 2627 234 2636 ’
343 2640 627 2706 deliberationibus
644 2662 711 2703 non
726 2640 792 2721 jam
807 2638 983 2706 audiretur.
1000 2628 1215 2726 Praeceptores
1232 2637 1407 2727 discipulo·

342 2768 416 2808 rum
434 2761 491 2809 aut
505 2744 693 2809 auditorum
713 2743 864 2832 suffragia
884 2743 945 2806 sibi
963 2742 1132 2807 conciliare
1151 2739 1323 2806 studebant
1340 2741 1407 2832 (3),

343 2848 433 2938 quod
450 2850 575 2937 assequi
592 2849 722 2913 nonnisi
733 2847 867 2930 juvenili
883 2846 1025 2937 quodam
1042 2847 1190 2911 dictionis
1209 2848 1298 2912 cultu
1315 2864 1407 2937 potc-

342 3066 446 3120 videtur
457 3082 527 3119 cento
537 3065 644 3140 quidam
654 3068 733 3122 fuisse
746 3065 930 3140 tragediarum
944 3069 1049 3123 Sencce
1061 3066 1252 3139 adscriptas-usn
1261 3086 1269 3134 ς
1278 3065 1325 3120 sed
1334 3067 1407 3120 intes·

342 3159 398 3228 ejus
411 3175 491 3228 opera
504 3155 612 3209 minime
627 3155 704 3210 debet
717 3157 859 3210 numerari.
878 3159 910 3210 In
929 3177 957 3209 ea
977 3157 1101 3211 distincte
1122 3156 1281 3228 significatur
1295 3163 1332 3227 (r.
1342 3157 1408 3228 732)

342 3263 393 3298 nex
410 3243 454 3297 illa
464 3244 577 3298 Neronis
588 3244 622 3299 ab
633 3245 692 3317 ipso
703 3245 752 3297 sibi
760 3245 831 3298 illata
842 3286 849 3312 ,
863 3257 893 3298 nt
905 3245 1000 3300 debito
1011 3264 1096 3317 poenae
1104 3263 1132 3299 sc
1141 3245 1262 3315 eriperet.

377 3336 413 3400 (1)
432 3331 553 3398 Tullius,
563 3351 648 3406 quum
662 3333 690 3384 in
701 3333 819 3386 oratione
828 3352 877 3405 pro
891 3333 988 3386 Archia
999 3347 1092 3404 poeta,
1113 3335 1215 3404 eap.6‚
1236 3330 1323 3384 studia
1337 3331 1407 3386 litte·

341 3419 410 3473 saria
430 3420 526 3490 quibus
549 3432 624 3474 vacat
642 3439 766 3475 excusare
787 3422 869 3487 velit,
893 3422 930 3474 eis
953 3421 1130 3492 eloquentiam
1151 3419 1234 3473 soseri
1257 3434 1407 3474 canatur:

339 3533 353 3552 u
363 3508 449 3578 Atque
465 3507 517 3560 hoc
529 3506 596 3560 odeo
609 3509 674 3561 mihi
687 3521 726 3561 est
738 3509 941 3564 concedendum
956 3510 1056 3581 magis,
1069 3507 1181 3580 quoder
1191 3508 1233 3561 bis
1242 3506 1337 3562 studiis
1346 3507 1406 3564 lanc

255 3658 258 3668 1
341 3611 449 3666 quoque
462 3596 555 3648 crescit
566 3597 649 3648 oratio
665 3607 690 3649 et
701 3597 826 3661 facultas,
840 3615 899 3670 qun
912 3609 1128 3670 quantacumque
1140 3597 1168 3648 in
1185 3613 1242 3662 me,
1258 3613 1405 3668 numquam

341 3683 487 3736 amicorum
498 3683 621 3754 periculis
631 3684 724 3739 defuit.
735 3711 750 3732 ι

377 3775 415 3839 (a)
425 3770 551 3842 Virgilius
561 3770 685 3844 quidem,
696 3773 822 3826 Horatius
831 3784 857 3825 et
866 3774 963 3826 Varius
974 3773 1119 3844 imperante
1128 3775 1248 3846 Angusto
1260 3772 1405 3838 floscbaut;

340 3855 391 3925 scd*
399 3860 534 3924 superiore
547 3869 621 3912 astate
633 3860 743 3912 instituti
755 3871 781 3913 et
793 3859 828 3912 sd
841 3859 939 3931 poesim
950 3861 1060 3914 accincti
1072 3862 1185 3914 fuerant.

376 3940 414 4009 (3)
431 3939 558 3994 Describit
574 3941 662 3996 vivide
675 3943 855 4008 Quintilianus
875 3945 954 4012 (lust.
976 3943 1016 4004 11,
1040 3963 1070 4009 a,
1090 3948 1174 4011 9⁴⁴)
1194 3941 1329 4016 montedo
1349 3961 1408 4002 sese

341 4046 443 4098 gerere,
454 4029 497 4081 vel
509 4029 576 4082 inter
590 4048 634 4092 ae,
656 4033 698 4084 rel
720 4050 780 4102 erga
797 4042 1004 4103 preceptorem,
1029 4031 1142 4084 solerent
1156 4031 1202 4104 qui
1222 4029 1409 4086 dealmationi

340 4116 495 4171 studebant·
