3168 5140
423 529 704 596 ruinsrss.
735 529 844 596 scr.
874 521 948 596 ιιι.
1114 526 1217 646 ¹267

207 663 224 727 J
229 673 361 728 unctam
380 661 509 753 parenti
524 684 635 729 cerno.
653 663 725 730 lam
741 673 814 728 tuto
832 661 865 726 in
882 659 956 728 loco

208 768 392 834 Versantur
408 765 482 834 odia
500 766 665 834 :venitin
683 780 812 834 nostras
830 788 948 834 suanus

208 870 354 940 Tandem
365 870 542 964 Thyestes,
561 873 672 956 venit,
690 885 724 939 et
742 885 831 938 totus
849 869 990 963 quidem.
1182 908 1221 955 40⁵

209 977 275 1045 Vix
294 991 443 1070 tempero
459 978 590 1056 animo,
608 978 663 1046 vix
679 975 775 1045 dolor
791 976 902 1044 frenos
918 978 1014 1070 capit.

211 1081 284 1166 Sic,
307 1106 411 1177 quum
433 1082 519 1151 ieras
542 1084 700 1176 vestigat,
717 1095 751 1150 et
772 1081 871 1176 longo
893 1105 992 1178 sagax

210 1190 300 1256 Loro
322 1201 453 1256 tenetur
474 1187 618 1275 Umber,
640 1212 679 1258 ac
697 1212 811 1282 presso
832 1190 899 1256 vias

210 1293 382 1362 Scrutatur
399 1318 477 1380 ore;
496 1293 575 1362 dum
594 1292 711 1389 procul
735 1292 824 1362 lento
847 1318 939 1362 suem

212 1399 326 1468 Odore
347 1401 465 1486 sentit,
487 1414 600 1493 paret,
621 1413 654 1468 et
669 1401 770 1469 tacito
787 1399 896 1468 locum
1182 1435 1218 1470 ιω

212 1507 333 1574 Rostro
355 1519 522 1599 pererrat,
540 1504 650 1600 praeda
672 1528 776 1599 quum
794 1507 930 1599 propior
947 1505 1024 1591 fuit,

213 1613 350 1680 Cervice
367 1624 599 1705 tota‘pugnat,
621 1625 653 1680 et
672 1612 796 1706 gernitu
814 1626 912 1680 vocat

158 1795 193 1847 tis
205 1807 283 1865 atque
294 1807 418 1852 natorum
433 1796 544 1859 indolem,
560 1798 668 1850 Lernaea
713 1796 834 1861 Molossi,
845 1795 985 1868 Spartanos
996 1797 1139 1868 Cretasque
1147 1796 1221 1868 liget,

159 1873 242 1944 ligeris
253 1875 303 1928 tela
313 1873 456 1928 furibunda
468 1893 555 1928 manu.
568 1902 578 1922 ι
591 1874 667 1940 Quid
714 1894 763 1928 neo
782 1875 903 1928 ereditur
921 1876 966 1928 ulli
988 1875 1058 1928 Silva
1077 1876 1153 1941 coni,
1171 1877 1221 1928 nisi

159 1953 324 2008 manifestius
337 1971 392 2008 esse
403 1967 495 2026 queat,
508 1972 587 2026 quarn
599 1957 668 2008 cado·
712 1954 758 2026 qui
772 1973 862 2026 presso
878 1955 986 2026 vestigia
999 1968 1086 2007 rostro
1097 1955 1218 2026 Colligit,

160 2033 205 2085 lem
213 2052 263 2106 pro
273 2033 375 2086 sobolem
383 2034 427 2088 hie
438 2032 667 2105 adhiberi.quum
712 2046 738 2086 et
761 2033 849 2105 prseda
872 2035 955 2086 nescit
980 2035 1074 2086 latrare
1098 2048 1218 2104 reperta,

159 2110 291 2183 procedat
301 2117 387 2165 stravit
396 2118 507 2183 sagittis,
521 2111 667 2184 quodcum
712 2114 862 2168 Contentus
875 2114 988 2167 tremulo
1002 2126 1158 2166 monstrasse
1173 2133 1221 2166 cu-

159 2192 261 2244 sobolem
269 2192 346 2246 aliter
352 2204 460 2264 accepto
466 2193 608 2246 conciliare
615 2194 669 2246 fru-
711 2193 776 2246 bilia
789 2193 881 2246 loro.s
897 2225 937 2235 -
951 2192 1045 2246 Umber.
1060 2193 1161 2246 Canum
1176 2213 1220 2266 ge·

159 2283 214 2324 stra
230 2271 351 2324 labores?
364 2272 524 2343 Simpliciter
545 2272 625 2343 igitur
642 2286 668 2325 et
712 2291 777 2336 nus,
793 2289 860 2343 quos
873 2272 937 2325 tulit
952 2273 1078 2337 Umbria,
1091 2273 1165 2326 miras
1180 2292 1220 2325 ss·

159 2351 284 2422 Thyestis
292 2352 381 2404 locum
389 2351 595 2423 inter-preterea
607 2353 669 2405 Cer·
711 2351 830 2422 gnoitatis
843 2352 871 2403 in
882 2350 1004 2405 venando
1022 2351 1100 2406 inisse
1115 2351 1220 2405 dicitur.

159 2449 197 2483 uo
216 2443 243 2482 et
258 2431 402 2500 Thyestem
417 2431 504 2502 ipsum
522 2441 548 2482 st
566 2431 669 2502 generis
713 2431 861 2501 Virg.AEn.
872 2431 941 2495 XII,
952 2431 1018 2500 753.
1029 2431 1075 2484 Sil.
1085 2432 1143 2497 111,
1155 2433 1219 2501 ²9⁵·

160 2509 241 2564 insin
257 2509 357 2581 prolem
373 2511 490 2582 junctam
505 2510 584 2581 patri.
594 2536 605 2557 ι
713 2505 804 2562 Vsler.
816 2509 965 2574 Flscc.VI,
978 2518 1042 2576 tao.
1054 2511 1221 2570 Convenien-

203 2587 269 2658 493.
282 2589 339 2640 lam
352 2602 403 2642 tuto
415 2593 440 2641 in
456 2591 516 2642 loeo.
530 2589 600 2654 Quia
614 2608 668 2642 non
713 2589 766 2642 tius
779 2607 841 2642 saus
856 2589 937 2642 luerit
951 2590 1092 2661 Spartanos
1104 2603 1149 2644 snt
1161 2591 1222 2644 Mo·

160 2681 275 2740 possunt
286 2668 452 2740 Thyesteeet
463 2669 511 2721 lilii
522 2669 580 2740 ejus
591 2668 669 2721 ultio·
711 2669 794 2722 lossos
810 2687 979 2721 memorare:
998 2668 1044 2722 sed
1062 2671 1179 2723 Romana
1195 2683 1223 2723 et

160 2766 223 2802 nem
237 2766 322 2801 ineam
338 2748 466 2820 elingere.
713 2748 802 2801 Italica
817 2767 868 2818 pro
880 2747 979 2801 Grecis
990 2748 1086 2801 Noster
1100 2749 1165 2802 solet
1177 2769 1222 2822 sp·

204 2832 270 2895 494.
278 2829 316 2880 Et
322 2839 383 2880 totio
390 2828 490 2897 quidem.
498 2827 588 2880 Liberi
596 2827 669 2881 enim
713 2827 831 2898 pingere.
844 2859 884 2869 -—
894 2828 1012 2880 Pressa...
1022 2847 1070 2881 ore.
1085 2829 1173 2880 Prono
1187 2829 1220 2881 ad

162 2905 238 2978 quasi
250 2926 313 2978 pars
324 2907 450 2978 genitoris
460 2905 600 2960 habentur.
713 2919 819 2959 terram.
838 2906 881 2960 Sic
897 2925 957 2976 sup.
978 2906 1006 2958 in
1022 2908 1122 2959 Lucan.
1139 2927 1221 2977 presso

205 2986 329 3055 App-Sic,
338 2987 547 3057 quumseras,etc.
557 2987 669 3040 Cuinon
714 2998 808 3049 rostro,
822 2998 849 3039 et
858 2985 907 3039 int.
916 2999 972 3039 not.
985 2983 1018 3038 ad
1028 3005 1053 3038 v.
1068 2985 1120 3038 501
1136 2987 1221 3041 insit.

162 3066 213 3118 ista
221 3065 326 3119 sordeat
336 3079 389 3118 tam
401 3065 598 3137 intempestiva,
608 3077 673 3119 um·
711 3084 820 3135 premeres
831 3069 946 3135 uestigia.

161 3163 215 3216 que
242 3145 344 3216 prolixa
370 3145 495 3198 collatio?
523 3146 582 3216 quis
603 3146 671 3198 ierat
756 3145 1222 3216 499.lanto.0pponiturlentocnr·

161 3226 288 3287 Atreum,
309 3224 353 3276 vix
372 3225 468 3278 lassum
487 3244 514 3278 se
534 3225 623 3276 auimo
642 3243 671 3278 sc
714 3223 798 3276 rentis
819 3225 877 3296 apri
898 3224 1029 3277 velocitati
1049 3242 1056 3275 z
1077 3244 1154 3284 nam.
1175 3228 1222 3278 illo
1292 3231 1294 3238 ’

162 3301 252 3357 dolori
262 3322 317 3356 non
329 3317 487 3375 temperare,
497 3304 670 3356 minutissima
715 3303 845 3374 fugiente,
864 3317 937 3356 retro
959 3317 1046 3358 manet
1064 3303 1147 3369 odor,
1168 3325 1223 3377 quo

161 3383 296 3454 sigillatim
318 3402 472 3450 recensere,
496 3397 576 3454 atque
605 3383 671 3436 hanc
715 3382 778 3435 ferse
793 3381 944 3454 produntur
960 3384 1077 3455 vestigia.
1091 3417 1131 3426 -
1145 3385 1222 3438 Suessa.

161 3462 277 3516 venatici
297 3461 368 3516 oanis
386 3461 587 3516 similitudinem
606 3463 671 3515 mira
715 3459 807 3515 Sidon.
817 3464 883 3527 Vll,
897 3479 947 3531 191
961 3480 968 3514 :
983 3464 1079 3516 ·Suem
1087 3465 1224 3518 latratibus

162 3539 331 3596 describendi
342 3560 404 3594 cura
418 3555 443 3594 et
454 3543 599 3614 composita
609 3561 671 3613 qua·
715 3541 854 3612 improbus
865 3543 967 3596 Umber
979 3543 1094 3596 Terruit.
1110 3569 1121 3591 ι

163 3620 671 3694 demserhorurncopisprosequilCu·
758 3621 823 3674 501.
838 3623 933 3675 llostm.
954 3623 1017 3675 Ore.
1036 3622 1082 3675 Sil.
1104 3623 1144 3688 X,
1161 3643 1222 3694 77:

163 3713 251 3755 terum
260 3701 422 3772 comparatio
436 3701 524 3755 forsan
539 3720 572 3754 ex
585 3700 672 3754 Ennio
720 3701 854 3755 uUtcanis
864 3703 980 3755 occultos
989 3702 1070 3772 agitat
1079 3721 1160 3774 quum
1168 3704 1224 3755 bel·

163 3779 305 3852 desumpta
324 3794 371 3834 est.
389 3781 492 3852 Fragm.
511 3781 606 3834 Annsl.
624 3781 671 3832 lib.
716 3780 782 3834 licus
794 3799 883 3852 spros,
896 3782 1060 3852 Erroresqne
1072 3783 1133 3836 feras
1143 3783 1224 3836 solers

164 3861 208 3912 X:
228 3887 239 3908 ι
253 3862 407 3931 animusque
418 3862 445 3912 in
458 3873 566 3932 pectore
576 3861 670 3922 latrat,
713 3879 763 3931 per
782 3859 857 3914 devia
878 3879 960 3914 mersa
978 3862 1047 3913 Nare
1062 3863 1140 3932 legit.
1163 3863 1225 3914 taei-

163 3939 240 3993 Sicut
266 3941 288 3992 si
311 3938 419 4010 qusndo
441 3940 528 3993 vinclo
551 3940 670 3994 venetico
715 3951 796 4010 toque
811 3958 933 4010 premens
948 3941 1055 4010 vestigia
1070 3954 1156 3994 rostro
1173 3944 1227 3994 Lu·

163 4019 250 4072 aheno
264 4021 333 4090 Apta
342 4038 365 4078 ι.
383 4034 433 4074 etc.
716 4031 781 4072 strat
794 4045 825 4081 ι,
841 4033 891 4073 etc.

200 4100 671 4168 498.Loretenetur.Lucan.1V,llo:
758 4102 821 4152 50².
836 4099 932 4152 Cervice
942 4113 1106 4170 totupugaut.
1118 4101 1228 4156 Cervice

168 4179 308 4231 :Venator
327 4192 398 4232 tenet
414 4198 459 4232 ora
477 4180 541 4232 levis
559 4179 672 4232 clamosa
717 4179 824 4233 nititur.
