3240 5138
685 509 724 575 n.
751 509 930 578 Anum
956 509 1172 580 sennem
1207 476 1211 486 '

450 663 561 712 amru.
581 643 609 709 E
628 642 742 711 matris
758 656 854 710 utero
872 641 1008 710 fulmine
1026 642 1148 734 ejectus
1166 667 1263 737 puer,

450 748 533 816 Mox
549 745 735 816 fulminanti
754 750 923 842 proximus
944 747 1029 842 patri
1047 747 1144 818 stetit.

450 851 565 943 Quid?
584 853 641 947 qui
662 853 823 948 gubernat
843 867 949 941 astra,
966 855 1021 947 qui
1039 853 1143 923 nubes
1165 855 1287 950 quatit,

450 961 529 1029 Non
550 958 644 1028 latuit
664 958 772 1029 infans
794 960 884 1055 rupis
906 983 1008 1028 eresae
1031 958 1152 1053 specui
1418 993 1455 1039 sa

452 1064 596 1134 Sollicita
613 1067 695 1134 tenti
713 1067 818 1160 pretia
834 1063 961 1134 natales
977 1065 1116 1152 hahent,

399 1232 521 1285 omnibus
528 1231 616 1284 lectio.
623 1231 663 1284 De
671 1249 721 1301 que
731 1249 760 1282 re
770 1229 807 1283 sic
816 1229 904 1282 acro.-
947 1229 1028 1284 ovid.
1040 1229 1147 1288 Metam.
1160 1229 1219 1293 111,
1229 1229 1454 1303 alio,etEuripid.

398 1310 630 1364 noviodisseritnr:
643 1309 789 1380 -ltaepsrs
796 1327 905 1379 reapon-
947 1307 1042 1362 Bacch.
1057 1327 1101 1378 9¹·

399 1389 495 1453 sionis,
505 1407 559 1460 qua
568 1390 669 1460 Lycum
679 1388 904 1441 monstraetferas
982 1387 1045 1450 458.
1057 1390 1283 1457 Moxsrsbninanc',
1296 1397 1347 1441 etc.
1362 1387 1456 1440 Fertur

397 1470 598 1543 exprobrantem
608 1469 728 1522 confutet
737 1465 906 1539 Amphitryo,
948 1464 1456 1531 enimbaechus,inbellodeorumcum

399 1549 520 1622 quamvis
531 1547 663 1600 Bacchum
673 1547 787 1618 ingerat,
797 1563 905 1617 prorsam
947 1543 1112 1616 gigantibus,
1128 1545 1156 1598 iu
1173 1545 1276 1597 leonem
1291 1563 1320 1598 se
1335 1545 1457 1598 transfor·

399 1643 439 1684 est
452 1624 652 1701 depacdse'msee·
666 1624 746 1690 Quod
759 1625 829 1678 enim
840 1625 905 1677 ilec-
947 1641 1031 1676 masse
1039 1660 1048 1688 ,
1057 1637 1083 1676 et
1092 1623 1247 1678 invadentes
1255 1625 1346 1677 culum
1358 1635 1405 1686 aut
1413 1624 1457 1677 de-

399 1708 465 1761 cbus
478 1717 553 1760 utero
565 1705 656 1776 matris
669 1706 765 1775 ejectus
780 1702 902 1764 fulmine,
947 1702 1093 1756 turbavisse
1106 1716 1152 1756 aut
1164 1702 1286 1756 terruisse
1299 1703 1436 1774 ,genitore
1447 1743 1456 1770 ,

399 1784 472 1858 quod
483 1785 571 1838 infans
582 1785 684 1856 Jupiter
694 1785 736 1836 rix
750 1783 832 1855 patris
842 1780 905 1836 den·
947 1780 983 1834 ad
1006 1782 1199 1836 accendendam
1220 1783 1342 1838 virtutem
1359 1801 1457 1854 augen-

400 1866 470 1918 tibus
481 1863 644 1928 subductus,
655 1863 722 1916 nibil
731 1861 766 1914 ud
774 1872 905 1916 certamen
947 1859 1064 1933 dumque
1072 1862 1153 1914 robur
1161 1899 1170 1925 ,
1179 1863 1356 1916 succlamante
1364 1864 1455 1923 emto,

400 1963 461 1998 cum
472 1944 594 1998 monstris
603 1955 629 1996 et
638 1941 710 1995 feris.
717 1937 806 1994 ¹Habet
814 1940 906 1993 Grute·
948 1943 1044 2001 Erote,
1054 1939 1125 1994 unde
1135 1959 1186 1993 vox
1195 1941 1241 1994 illa
1252 1941 1281 1992 iu
1290 1938 1457 1994 bacchanali-

399 2023 536 2096 rus,quod
544 2021 656 2076 fidenter
662 2019 787 2090 glorietm
793 2019 842 2072 bos
850 2036 906 2072 ver-
947 2018 996 2071 bus
1012 2037 1086 2072 sacra
1101 2031 1191 2090 postea
1206 2031 1233 2073 et
1250 2019 1351 2072 ritualia
1366 2019 1455 2074 habita

398 2123 442 2159 sas
453 2114 513 2156 ante
522 2102 609 2172 ipsum
618 2098 762 2154 intellectos
774 2116 828 2150 non
840 2115 904 2150 esse.
948 2109 996 2149 est.

398 2183 471 2238 Nihil
490 2181 576 2236 verius
594 2197 674 2251 quam
694 2177 767 2248 quod
785 2176 905 2242 mourut,
984 2178 1044 2239 seo.
1063 2181 1120 2228 Non
1132 2179 1204 2228 latus
1218 2179 1309 2247 infans.
1324 2177 1455 2242 Titanus,

399 2264 470 2314 bunc
483 2279 538 2314 esse
548 2259 615 2331 Lyci
625 2276 745 2320 versum,
758 2274 825 2309 nova
843 2274 905 2308 con·
947 2255 1031 2307 Urani
1045 2255 1115 2308 filius
1129 2268 1193 2309 natu
1208 2260 1292 2329 major
1309 2269 1334 2310 et
1347 2257 1456 2329 propior

397 2339 554 2393 indictione
572 2335 718 2408 objicientis
738 2346 793 2390 tam
811 2334 906 2388 exerci-
947 2333 1041 2397 heres,
1061 2353 1143 2406 quum
1159 2335 1328 2390 intellexisset
1345 2347 1456 2390 matrem

398 2431 451 2472 tam
473 2416 612 2469 infantiam
629 2415 727 2485 superis
745 2411 832 2484 genito
848 2431 903 2466 non
947 2414 1457 2486 sororesquesuesfratrisaturnomagis

398 2495 547 2553 convenire.
564 2494 669 2548 Scilicet
685 2493 782 2546 oblitus
794 2511 827 2548 es
845 2511 904 2564 quae
947 2491 1053 2556 lavere,
1070 2493 1126 2546 caeli
1140 2512 1251 2564 regnum
1267 2493 1292 2546 ei
1310 2494 1455 2558 concessit,

398 2575 534 2650 pertulerit
547 2572 674 2626 Hecales
690 2583 716 2626 et
730 2571 836 2641 infans?
851 2573 903 2625 Re·
946 2589 977 2624 ea
988 2572 1062 2644 lege,
1076 2590 1110 2625 ne
1119 2573 1219 2643 prolem
1229 2572 1400 2626 masculinam
1409 2573 1455 2626 Sa·

396 2655 463 2727 gerit
474 2651 631 2724 Amphitryo
644 2650 762 2720 exempla
773 2649 868 2706 Bacchi
878 2664 904 2705 et
946 2663 1038 2705 turnus
1056 2651 1190 2705 educeret.
1209 2652 1258 2704 Hic
1272 2651 1353 2724 igitur
1368 2651 1453 2714 lilios,

396 2734 485 2798 Jovis,
505 2751 536 2785 ex
557 2731 655 2802 quibus
672 2740 773 2782 constat
789 2729 903 2784 sollicita
945 2743 1076 2803 quotquot
1087 2730 1137 2784 sibi
1148 2732 1338 2794 nascebantur,
1348 2731 1456 2784 devora·

395 2814 479 2887 pretia
493 2823 578 2864 tantos
588 2809 690 2862 babere
698 2808 814 2870 natales,
826 2819 851 2860 et
864 2809 904 2866 iu·
944 2809 999 2864 bat.
1012 2811 1046 2862 m
1059 2830 1125 2863 uxor
1137 2813 1193 2882 ejus
1204 2809 1275 2863 Rhea
1287 2811 1380 2863 Jovem
1392 2811 1455 2864 sub·

394 2904 498 2964 gentem
506 2888 667 2946 nobilitatem
674 2885 773 2958 ingenti
780 2905 842 2940 cum
851 2886 903 2941 dis·
944 2887 1032 2951 duxit,
1042 2900 1068 2942 et
1078 2887 1192 2960 lapidem
1203 2888 1294 2959 pannis
1304 2888 1452 2941 involutum

394 2972 504 3026 crimine
513 2971 693 3040 conjunctam.
706 2966 739 3018 In
749 2966 851 3037 vulgata
861 2968 902 3020 ni·
943 2986 993 3040 pro
1009 2982 1088 3038 partu
1103 2967 1209 3039 conjugi
1226 2965 1348 3020 tradidit:
1363 2966 1454 3021 infans

277 3073 281 3090 ·
393 3046 648 3118 hilcohoeret:quod
658 3045 901 3110 sensitDelrioysed
944 3044 1258 3117 autemJupiterinantro
1266 3043 1453 3117 quodsmldei

393 3130 520 3184 inutiliter
530 3145 620 3181 versus
629 3125 810 3196 transponitn·
871 3129 874 3136 '
944 3123 1451 3196 montisoccultetusetaltusest.Pomp.

429 3209 693 3275 457Julms'neejectns
693 3225 766 3272 puer.
772 3205 898 3259 Bacchus.
943 3201 1006 3255 Mel.
1017 3204 1083 3272 11‚7
1096 3220 1104 3255 :
1115 3209 1182 3253 Inter
1192 3207 1277 3264 colles,
1288 3207 1400 3271 quodibi
1407 3224 1452 3255 an·

392 3289 482 3353 Quum
493 3287 563 3340 enim
573 3286 687 3346 Semele,
699 3285 802 3337 err-love
813 3285 898 3356 gravi·
942 3283 1025 3333 tritum
1041 3289 1124 3333 lovem
1140 3285 1291 3350 accepimus,
1299 3285 1376 3350 sama
1389 3287 1454 3335 Idci

390 3365 442 3430 da,
456 3367 491 3420 nb
504 3365 551 3418 illo
565 3363 722 3435 flagitasset,
735 3362 846 3416 Juuonia
858 3363 897 3415 iu·
941 3359 1391 3433 montbeerellie.Vid.Virg.Georg.
1400 3363 1451 3423 lv,

390 3443 471 3498 ducta
489 3444 570 3506 dolo,
589 3454 618 3496 ut
634 3443 685 3495 sibi
705 3461 733 3494 se
751 3440 895 3494 videndum
942 3440 1009 3502 1523
1025 3438 1105 3493 Orid.
1118 3439 1188 3492 Fast.
1198 3441 1233 3499 V,
1253 3459 1315 3504 rra,
1330 3441 1452 3514 aliosque

389 3523 479 3589 daret,
492 3543 522 3576 ea
533 3523 591 3594 ipsa
598 3541 650 3594 qua
660 3523 792 3576 iunonem
805 3520 895 3575 adibet
941 3520 982 3571 rel
996 3519 1161 3592 mythologos
1172 3519 1212 3573 rel
1221 3533 1320 3590 poetes.

387 3603 542 3673 majestate,
573 3602 695 3672 Jupiter,
731 3613 895 3654 sacramento
975 3601 1037 3658 461.
1055 3601 1324 3666 Sollicita....preria.
1346 3599 1378 3650 Id
1396 3611 1451 3663 eat,

356 3731 361 3742 Ι
388 3679 462 3750 prius
470 3679 615 3749 obligatus,
625 3678 724 3734 miserm
734 3697 790 3732 sese
799 3679 895 3732 obtulit
936 3677 1020 3748 pretia
1029 3678 1100 3731 curis
1114 3690 1139 3730 et
1150 3677 1271 3750 perieulis
1282 3677 1451 3732 exsolvenda.

387 3757 539 3826 fulguribus
558 3769 584 3810 et
604 3757 716 3812 flammis
734 3757 892 3812 circumcin·
936 3759 1048 3808 Sollicita
1068 3757 1138 3810 enim
1158 3777 1225 3828 saepe
1248 3755 1375 3810 dicuntur
1393 3777 1452 3830 quar

386 3849 475 3899 mum,
487 3837 583 3908 quibus
593 3837 647 3908 ipse
661 3849 686 3890 et
700 3837 825 3908 palatium
835 3839 893 3908 ejus
937 3834 1063 3888 sollicitos
1078 3837 1190 3900 faciant,
1204 3847 1230 3888 et
1246 3837 1316 3890 caris
1334 3849 1379 3890 eut
1399 3836 1452 3890 dis-

386 3914 596 3986 oouflsgraverc:
617 3915 662 3968 sed
676 3917 780 3988 Jupiter
793 3915 893 3970 aborti-
938 3913 1090 3974 criminibus
1109 3929 1248 3970 exerceant
1268 3917 1369 3968 animos
1388 3918 1451 3972 :sic

386 4009 450 4050 vam
458 3993 540 4046 fetum
547 3994 644 4048 servari
655 3995 758 4050 curavit
766 4007 791 4048 et
800 3995 894 4048 femori
938 3994 995 4046 Cic.
1010 3993 1045 4047 de
1057 3995 1163 4048 Amicit.
1178 3997 1208 4050 15
1224 4015 1231 4049 τ
1245 4001 1276 4046 ln
1289 4011 1450 4061 trrarmorum

301 4081 307 4084 “
386 4089 435 4126 suo
452 4073 580 4136 inseruit,
594 4073 696 4138 donec,
707 4086 809 4128 maturo
827 4087 894 4128 tem·
938 4075 993 4124 nita
1003 4077 1087 4124 cemele
1095 4091 1306 4144 sempmuspecta
1317 4091 1391 4144 utque
1400 4081 1450 4127 scl-

384 4169 461 4224 pore‚
477 4151 598 4208 bacchus
608 4152 670 4206 exiit
683 4153 710 4206 in
721 4153 817 4208 lucem.
829 4152 892 4210 vid.
940 4153 1015 4206 licita.
1028 4152 1167 4218 Horatiae,
1180 4156 1228 4220 11,
1244 4168 1290 4210 sat.
1306 4159 1339 4218 6,
1353 4175 1379 4208 r.
1397 4158 1447 4224 78:
