<?xml version="1.0" encoding="UTF-8"?>
<!DOCTYPE html PUBLIC "-//W3C//DTD XHTML 1.0 Transitional//EN"
    "http://www.w3.org/TR/xhtml1/DTD/xhtml1-transitional.dtd">
<html xmlns="http://www.w3.org/1999/xhtml" xml:lang="en" lang="en">
 <head>
  <title>
</title>
<meta http-equiv="Content-Type" content="text/html;charset=utf-8" />
  <meta name='ocr-system' content='tesseract 3.04.00' />
  <meta name='ocr-capabilities' content='ocr_page ocr_carea ocr_par ocr_line ocrx_word'/>
</head>
<body>
  <div class='ocr_page' id='page_1' title='image "./lannsenecparste02piergoog_0219.png"; bbox 0 0 3240 5138; ppageno 0'>
   <div class='ocr_carea' id='block_1_1' title="bbox 642 498 1123 574">
    <p class='ocr_par' dir='ltr' id='par_1_1' title="bbox 642 498 1123 574">
     <span class='ocr_line' id='line_1_1' title="bbox 642 498 1123 574; baseline 0.021 -10"><span class='ocrx_word' id='word_1_1' title='bbox 642 498 681 565; x_wconf 93' lang='lat' dir='ltr'><strong>L.</strong></span> <span class='ocrx_word' id='word_1_2' title='bbox 706 499 884 574; x_wconf 82' lang='lat' dir='ltr'><strong>ANNAEI</strong></span> <span class='ocrx_word' id='word_1_3' title='bbox 910 503 1123 574; x_wconf 85' lang='lat' dir='ltr'>SENECAE</span> 
     </span>
    </p>
   </div>
   <div class='ocr_carea' id='block_1_2' title="bbox 386 613 1416 2151">
    <p class='ocr_par' dir='ltr' id='par_1_2' title="bbox 391 613 1285 832">
     <span class='ocr_line' id='line_1_2' title="bbox 391 613 1285 720; baseline 0.02 -40"><span class='ocrx_word' id='word_1_4' title='bbox 391 633 467 682; x_wconf 77' lang='lat' dir='ltr'><strong>arc.</strong></span> <span class='ocrx_word' id='word_1_5' title='bbox 486 613 565 704; x_wconf 91' lang='lat' dir='ltr'><strong>Quo</strong></span> <span class='ocrx_word' id='word_1_6' title='bbox 581 631 677 710; x_wconf 84' lang='lat' dir='ltr'><strong>patre</strong></span> <span class='ocrx_word' id='word_1_7' title='bbox 692 622 826 714; x_wconf 80' lang='lat' dir='ltr'><strong>genitus</strong></span> <span class='ocrx_word' id='word_1_8' title='bbox 844 621 989 692; x_wconf 77' lang='lat' dir='ltr'><strong>caelitum</strong></span> <span class='ocrx_word' id='word_1_9' title='bbox 1010 639 1122 720; x_wconf 83' lang='lat' dir='ltr'><strong>sperat</strong></span> <span class='ocrx_word' id='word_1_10' title='bbox 1141 625 1285 698; x_wconf 79' lang='lat' dir='ltr'><strong>domos?</strong></span> 
     </span>
     <span class='ocr_line' id='line_1_3' title="bbox 391 726 1262 832; baseline 0.017 -42"><span class='ocrx_word' id='word_1_11' title='bbox 391 745 508 794; x_wconf 75' lang='lat' dir='ltr'><strong>auru.</strong></span> <span class='ocrx_word' id='word_1_12' title='bbox 527 726 717 798; x_wconf 87' lang='lat' dir='ltr'><strong>Miseranda</strong></span> <span class='ocrx_word' id='word_1_13' title='bbox 735 731 858 826; x_wconf 80' lang='lat' dir='ltr'><strong>conjux</strong></span> <span class='ocrx_word' id='word_1_14' title='bbox 876 731 1029 803; x_wconf 88' lang='lat' dir='ltr'><strong>Herculis</strong></span> <span class='ocrx_word' id='word_1_15' title='bbox 1046 735 1161 832; x_wconf 82' lang='lat' dir='ltr'><strong>magni</strong></span> <span class='ocrx_word' id='word_1_16' title='bbox 1180 735 1262 806; x_wconf 88' lang='lat' dir='ltr'><strong>sile:</strong></span> 
     </span>
    </p>

    <p class='ocr_par' dir='ltr' id='par_1_3' title="bbox 391 834 1412 1048">
     <span class='ocr_line' id='line_1_4' title="bbox 393 834 1412 938; baseline 0.014 -37"><span class='ocrx_word' id='word_1_17' title='bbox 393 834 509 904; x_wconf 88' lang='lat' dir='ltr'><strong>Partes</strong></span> <span class='ocrx_word' id='word_1_18' title='bbox 523 861 606 906; x_wconf 86' lang='lat' dir='ltr'><strong>meae</strong></span> <span class='ocrx_word' id='word_1_19' title='bbox 623 854 720 927; x_wconf 88' lang='lat' dir='ltr'><strong>sunt,</strong></span> <span class='ocrx_word' id='word_1_20' title='bbox 741 841 877 914; x_wconf 81' lang='lat' dir='ltr'><strong>reddere</strong></span> <span class='ocrx_word' id='word_1_21' title='bbox 894 841 1018 914; x_wconf 82' lang='lat' dir='ltr'><strong>Alcidae</strong></span> <span class='ocrx_word' id='word_1_22' title='bbox 1039 859 1188 938; x_wconf 87' lang='lat' dir='ltr'><strong>patrem,</strong></span> <span class='ocrx_word' id='word_1_23' title='bbox 1372 870 1412 915; x_wconf 71' lang='lat' dir='ltr'><strong>uo</strong></span> 
     </span>
     <span class='ocr_line' id='line_1_5' title="bbox 391 943 1140 1048; baseline 0.015 -37"><span class='ocrx_word' id='word_1_24' title='bbox 391 943 572 1040; x_wconf 79' lang='lat' dir='ltr'>Genusque</span> <span class='ocrx_word' id='word_1_25' title='bbox 590 973 704 1018; x_wconf 88' lang='lat' dir='ltr'><strong>verum</strong></span> <span class='ocrx_word' id='word_1_26' title='bbox 722 975 730 1020; x_wconf 91' lang='lat'><strong>:</strong></span> <span class='ocrx_word' id='word_1_27' title='bbox 750 968 826 1046; x_wconf 88' lang='lat' dir='ltr'><strong>post</strong></span> <span class='ocrx_word' id='word_1_28' title='bbox 847 968 897 1023; x_wconf 92' lang='lat' dir='ltr'><strong>tot</strong></span> <span class='ocrx_word' id='word_1_29' title='bbox 917 955 1059 1048; x_wconf 84' lang='lat' dir='ltr'><strong>ingentis</strong></span> <span class='ocrx_word' id='word_1_30' title='bbox 1077 955 1140 1023; x_wconf 88' lang='lat' dir='ltr'><strong>viri</strong></span> 
     </span>
    </p>

    <p class='ocr_par' dir='ltr' id='par_1_4' title="bbox 393 1055 1204 1262">
     <span class='ocr_line' id='line_1_6' title="bbox 393 1055 1204 1159; baseline 0.015 -38"><span class='ocrx_word' id='word_1_31' title='bbox 393 1055 614 1126; x_wconf 80' lang='lat' dir='ltr'><strong>Memoranda</strong></span> <span class='ocrx_word' id='word_1_32' title='bbox 635 1059 741 1148; x_wconf 84' lang='lat' dir='ltr'><strong>facta,</strong></span> <span class='ocrx_word' id='word_1_33' title='bbox 764 1078 906 1158; x_wconf 87' lang='lat' dir='ltr'><strong>postque</strong></span> <span class='ocrx_word' id='word_1_34' title='bbox 928 1078 1083 1159; x_wconf 88' lang='lat' dir='ltr'><strong>pacatum</strong></span> <span class='ocrx_word' id='word_1_35' title='bbox 1101 1089 1204 1133; x_wconf 88' lang='lat' dir='ltr'><strong>manu</strong></span> 
     </span>
     <span class='ocr_line' id='line_1_7' title="bbox 393 1164 1160 1262; baseline 0.017 -31"><span class='ocrx_word' id='word_1_36' title='bbox 393 1164 628 1262; x_wconf 88' lang='lat' dir='ltr'><strong>Quodcunque</strong></span> <span class='ocrx_word' id='word_1_37' title='bbox 643 1171 742 1240; x_wconf 89' lang='lat' dir='ltr'><strong>Titan</strong></span> <span class='ocrx_word' id='word_1_38' title='bbox 757 1189 851 1242; x_wconf 84' lang='lat' dir='ltr'><strong>ortus</strong></span> <span class='ocrx_word' id='word_1_39' title='bbox 872 1190 905 1244; x_wconf 89' lang='lat' dir='ltr'><strong>et</strong></span> <span class='ocrx_word' id='word_1_40' title='bbox 920 1173 1036 1245; x_wconf 83' lang='lat' dir='ltr'><strong>labens</strong></span> <span class='ocrx_word' id='word_1_41' title='bbox 1050 1175 1160 1261; x_wconf 87' lang='lat' dir='ltr'><strong>videt,</strong></span> 
     </span>
    </p>

    <p class='ocr_par' dir='ltr' id='par_1_5' title="bbox 386 1277 1413 1598">
     <span class='ocr_line' id='line_1_8' title="bbox 392 1277 1341 1382; baseline 0.015 -41"><span class='ocrx_word' id='word_1_42' title='bbox 392 1277 471 1344; x_wconf 85' lang='lat' dir='ltr'><strong>Post</strong></span> <span class='ocrx_word' id='word_1_43' title='bbox 486 1295 635 1350; x_wconf 88' lang='lat' dir='ltr'><strong>monstra</strong></span> <span class='ocrx_word' id='word_1_44' title='bbox 652 1296 702 1351; x_wconf 94' lang='lat' dir='ltr'><strong>tot</strong></span> <span class='ocrx_word' id='word_1_45' title='bbox 716 1282 922 1378; x_wconf 87' lang='lat' dir='ltr'><strong>perdomita,</strong></span> <span class='ocrx_word' id='word_1_46' title='bbox 946 1301 1023 1381; x_wconf 91' lang='lat' dir='ltr'><strong>post</strong></span> <span class='ocrx_word' id='word_1_47' title='bbox 1039 1283 1218 1382; x_wconf 74' lang='lat' dir='ltr'><strong>Phlegram</strong></span> <span class='ocrx_word' id='word_1_48' title='bbox 1237 1287 1341 1381; x_wconf 88' lang='lat' dir='ltr'><strong>impio</strong></span> 
     </span>
     <span class='ocr_line' id='line_1_9' title="bbox 393 1385 1413 1488; baseline 0.011 -36"><span class='ocrx_word' id='word_1_49' title='bbox 393 1385 548 1477; x_wconf 89' lang='lat' dir='ltr'><strong>Sparsam</strong></span> <span class='ocrx_word' id='word_1_50' title='bbox 566 1414 704 1478; x_wconf 88' lang='lat' dir='ltr'><strong>cruore,</strong></span> <span class='ocrx_word' id='word_1_51' title='bbox 721 1408 863 1488; x_wconf 84' lang='lat' dir='ltr'><strong>postque</strong></span> <span class='ocrx_word' id='word_1_52' title='bbox 883 1394 1036 1464; x_wconf 83' lang='lat' dir='ltr'><strong>defensos</strong></span> <span class='ocrx_word' id='word_1_53' title='bbox 1057 1395 1159 1483; x_wconf 86' lang='lat' dir='ltr'><strong>deos,</strong></span> <span class='ocrx_word' id='word_1_54' title='bbox 1374 1419 1413 1463; x_wconf 74' lang='lat' dir='ltr'><strong>ses</strong></span> 
     </span>
     <span class='ocr_line' id='line_1_10' title="bbox 386 1495 1231 1598; baseline 0.013 -35"><span class='ocrx_word' id='word_1_55' title='bbox 386 1495 546 1568; x_wconf 90' lang='lat' dir='ltr'><strong>Nondum</strong></span> <span class='ocrx_word' id='word_1_56' title='bbox 563 1498 669 1595; x_wconf 88' lang='lat' dir='ltr'><strong>liquet</strong></span> <span class='ocrx_word' id='word_1_57' title='bbox 692 1502 735 1572; x_wconf 90' lang='lat' dir='ltr'><strong>de</strong></span> <span class='ocrx_word' id='word_1_58' title='bbox 756 1507 872 1598; x_wconf 81' lang='lat' dir='ltr'><strong>patre?</strong></span> <span class='ocrx_word' id='word_1_59' title='bbox 893 1507 1075 1574; x_wconf 86' lang='lat' dir='ltr'><strong>mentimur</strong></span> <span class='ocrx_word' id='word_1_60' title='bbox 1091 1505 1231 1576; x_wconf 84' lang='lat' dir='ltr'><strong>Iovem?</strong></span> 
     </span>
    </p>

    <p class='ocr_par' dir='ltr' id='par_1_6' title="bbox 388 1607 1260 1821">
     <span class='ocr_line' id='line_1_11' title="bbox 392 1607 1260 1704; baseline 0.013 -31"><span class='ocrx_word' id='word_1_61' title='bbox 392 1607 532 1677; x_wconf 82' lang='lat' dir='ltr'><strong>lunonis</strong></span> <span class='ocrx_word' id='word_1_62' title='bbox 549 1609 627 1680; x_wconf 94' lang='lat' dir='ltr'><strong>odio</strong></span> <span class='ocrx_word' id='word_1_63' title='bbox 646 1613 754 1684; x_wconf 87' lang='lat' dir='ltr'><strong>crede.</strong></span> <span class='ocrx_word' id='word_1_64' title='bbox 775 1639 858 1686; x_wconf 77' lang='lat' dir='ltr'><strong>arc.</strong></span> <span class='ocrx_word' id='word_1_65' title='bbox 877 1613 973 1704; x_wconf 88' lang='lat' dir='ltr'><strong>Quid</strong></span> <span class='ocrx_word' id='word_1_66' title='bbox 993 1616 1096 1686; x_wconf 88' lang='lat' dir='ltr'><strong>violas</strong></span> <span class='ocrx_word' id='word_1_67' title='bbox 1118 1615 1260 1685; x_wconf 81' lang='lat' dir='ltr'><strong>lovem?</strong></span> 
     </span>
     <span class='ocr_line' id='line_1_12' title="bbox 388 1716 1098 1821; baseline 0.014 -35"><span class='ocrx_word' id='word_1_68' title='bbox 388 1716 532 1787; x_wconf 84' lang='lat' dir='ltr'><strong>Mortale</strong></span> <span class='ocrx_word' id='word_1_69' title='bbox 552 1719 631 1790; x_wconf 85' lang='lat' dir='ltr'><strong>caelo</strong></span> <span class='ocrx_word' id='word_1_70' title='bbox 649 1747 718 1792; x_wconf 91' lang='lat' dir='ltr'><strong>non</strong></span> <span class='ocrx_word' id='word_1_71' title='bbox 737 1739 847 1817; x_wconf 89' lang='lat' dir='ltr'><strong>potest</strong></span> <span class='ocrx_word' id='word_1_72' title='bbox 865 1727 964 1820; x_wconf 82' lang='lat' dir='ltr'><strong>jungi</strong></span> <span class='ocrx_word' id='word_1_73' title='bbox 984 1752 1098 1821; x_wconf 78' lang='lat' dir='ltr'><strong>genus.</strong></span> 
     </span>
    </p>

    <p class='ocr_par' dir='ltr' id='par_1_7' title="bbox 395 1831 1265 1930">
     <span class='ocr_line' id='line_1_13' title="bbox 395 1831 1265 1930; baseline 0.006 -32"><span class='ocrx_word' id='word_1_74' title='bbox 395 1850 511 1898; x_wconf 72' lang='lat' dir='ltr'><strong>turn.</strong></span> <span class='ocrx_word' id='word_1_75' title='bbox 532 1831 727 1902; x_wconf 89' lang='lat' dir='ltr'><strong>Communis</strong></span> <span class='ocrx_word' id='word_1_76' title='bbox 748 1835 810 1903; x_wconf 88' lang='lat' dir='ltr'><strong>ista</strong></span> <span class='ocrx_word' id='word_1_77' title='bbox 828 1834 981 1930; x_wconf 90' lang='lat' dir='ltr'><strong>pluribus</strong></span> <span class='ocrx_word' id='word_1_78' title='bbox 998 1859 1096 1905; x_wconf 88' lang='lat' dir='ltr'><strong>causa</strong></span> <span class='ocrx_word' id='word_1_79' title='bbox 1116 1849 1166 1903; x_wconf 88' lang='lat' dir='ltr'><strong>est</strong></span> <span class='ocrx_word' id='word_1_80' title='bbox 1187 1833 1265 1904; x_wconf 90' lang='lat' dir='ltr'><strong>deis.</strong></span> 
     </span>
    </p>

    <p class='ocr_par' dir='ltr' id='par_1_8' title="bbox 394 1939 1416 2151">
     <span class='ocr_line' id='line_1_14' title="bbox 394 1939 1416 2041; baseline 0.004 -35"><span class='ocrx_word' id='word_1_81' title='bbox 394 1960 471 2008; x_wconf 75' lang='lat' dir='ltr'><strong>nuc.</strong></span> <span class='ocrx_word' id='word_1_82' title='bbox 494 1939 666 2011; x_wconf 87' lang='lat' dir='ltr'><strong>Famuline</strong></span> <span class='ocrx_word' id='word_1_83' title='bbox 680 1943 813 2012; x_wconf 87' lang='lat' dir='ltr'><strong>fuerant</strong></span> <span class='ocrx_word' id='word_1_84' title='bbox 833 1962 911 2016; x_wconf 89' lang='lat' dir='ltr'><strong>ante</strong></span> <span class='ocrx_word' id='word_1_85' title='bbox 932 1971 1033 2041; x_wconf 92' lang='lat' dir='ltr'><strong>quam</strong></span> <span class='ocrx_word' id='word_1_86' title='bbox 1059 1946 1179 2014; x_wconf 87' lang='lat' dir='ltr'><strong>fierent</strong></span> <span class='ocrx_word' id='word_1_87' title='bbox 1196 1943 1275 2013; x_wconf 82' lang='lat' dir='ltr'><strong>dei?</strong></span> <span class='ocrx_word' id='word_1_88' title='bbox 1376 1963 1416 2009; x_wconf 66' lang='lat'><strong>4⁵·</strong></span> 
     </span>
     <span class='ocr_line' id='line_1_15' title="bbox 397 2054 1219 2151; baseline 0.006 -33"><span class='ocrx_word' id='word_1_89' title='bbox 397 2072 512 2122; x_wconf 76' lang='lat' dir='ltr'><strong>aurat.</strong></span> <span class='ocrx_word' id='word_1_90' title='bbox 536 2055 657 2122; x_wconf 89' lang='lat' dir='ltr'><strong>Pastor</strong></span> <span class='ocrx_word' id='word_1_91' title='bbox 671 2054 825 2125; x_wconf 87' lang='lat' dir='ltr'><strong>Pheraeos</strong></span> <span class='ocrx_word' id='word_1_92' title='bbox 841 2054 962 2128; x_wconf 88' lang='lat' dir='ltr'><strong>Delius</strong></span> <span class='ocrx_word' id='word_1_93' title='bbox 984 2057 1074 2151; x_wconf 88' lang='lat' dir='ltr'><strong>pavit</strong></span> <span class='ocrx_word' id='word_1_94' title='bbox 1093 2079 1219 2150; x_wconf 83' lang='lat' dir='ltr'><strong>greges.</strong></span> 
     </span>
    </p>
   </div>
   <div class='ocr_carea' id='block_1_3' title="bbox 346 2221 1437 4196">
    <p class='ocr_par' dir='ltr' id='par_1_9' title="bbox 346 2221 1416 2931">
     <span class='ocr_line' id='line_1_16' title="bbox 347 2221 1414 2303; baseline 0.004 -30"><span class='ocrx_word' id='word_1_95' title='bbox 347 2221 587 2288; x_wconf 79' lang='lat' dir='ltr'><strong>ci30mnibusenim</strong></span> <span class='ocrx_word' id='word_1_96' title='bbox 595 2225 859 2290; x_wconf 82' lang='lat' dir='ltr'><strong>abundenotum,eos</strong></span> <span class='ocrx_word' id='word_1_97' title='bbox 902 2231 919 2283; x_wconf 86' lang='lat' dir='ltr'>J</span> <span class='ocrx_word' id='word_1_98' title='bbox 921 2247 974 2282; x_wconf 84' lang='lat' dir='ltr'><strong>uno</strong></span> <span class='ocrx_word' id='word_1_99' title='bbox 984 2269 993 2295; x_wconf 92' lang='lat'><strong>,</strong></span> <span class='ocrx_word' id='word_1_100' title='bbox 1004 2239 1034 2281; x_wconf 92' lang='lat' dir='ltr'><strong>ut</strong></span> <span class='ocrx_word' id='word_1_101' title='bbox 1045 2247 1107 2303; x_wconf 86' lang='lat' dir='ltr'><strong>sup.</strong></span> <span class='ocrx_word' id='word_1_102' title='bbox 1121 2225 1239 2288; x_wconf 86' lang='lat' dir='ltr'><strong>dictum,</strong></span> <span class='ocrx_word' id='word_1_103' title='bbox 1250 2245 1276 2278; x_wconf 79' lang='lat' dir='ltr'><strong>v.</strong></span> <span class='ocrx_word' id='word_1_104' title='bbox 1287 2224 1320 2280; x_wconf 82' lang='lat'><strong>36</strong></span> <span class='ocrx_word' id='word_1_105' title='bbox 1330 2262 1338 2288; x_wconf 97' lang='lat'><strong>,</strong></span> <span class='ocrx_word' id='word_1_106' title='bbox 1348 2223 1414 2278; x_wconf 85' lang='lat' dir='ltr'><strong>dnm</strong></span> 
     </span>
     <span class='ocr_line' id='line_1_17' title="bbox 348 2300 1416 2380; baseline 0.011 -26"><span class='ocrx_word' id='word_1_107' title='bbox 348 2300 858 2379; x_wconf 84' lang='lat' dir='ltr'><strong>sideralactosluisse,quiapudVeterea</strong></span> <span class='ocrx_word' id='word_1_108' title='bbox 902 2307 980 2361; x_wconf 89' lang='lat' dir='ltr'><strong>nimis</strong></span> <span class='ocrx_word' id='word_1_109' title='bbox 994 2325 1062 2360; x_wconf 76' lang='lat' dir='ltr'><strong>seva</strong></span> <span class='ocrx_word' id='word_1_110' title='bbox 1074 2307 1217 2380; x_wconf 84' lang='lat' dir='ltr'><strong>imperaret</strong></span> <span class='ocrx_word' id='word_1_111' title='bbox 1231 2302 1337 2357; x_wconf 84' lang='lat' dir='ltr'><strong>Herculi</strong></span> <span class='ocrx_word' id='word_1_112' title='bbox 1348 2342 1356 2365; x_wconf 71' lang='lat'><em>2</em></span> <span class='ocrx_word' id='word_1_113' title='bbox 1369 2305 1416 2357; x_wconf 78' lang='lat' dir='ltr'><strong>J⁰·</strong></span> 
     </span>
     <span class='ocr_line' id='line_1_18' title="bbox 347 2381 1403 2460; baseline 0.001 -27"><span class='ocrx_word' id='word_1_114' title='bbox 347 2381 376 2434; x_wconf 88' lang='lat' dir='ltr'><strong>iu</strong></span> <span class='ocrx_word' id='word_1_115' title='bbox 386 2399 526 2436; x_wconf 87' lang='lat' dir='ltr'><strong>numerum</strong></span> <span class='ocrx_word' id='word_1_116' title='bbox 536 2382 647 2438; x_wconf 88' lang='lat' dir='ltr'><strong>deorum</strong></span> <span class='ocrx_word' id='word_1_117' title='bbox 655 2383 773 2460; x_wconf 81' lang='lat' dir='ltr'><strong>adoptati</strong></span> <span class='ocrx_word' id='word_1_118' title='bbox 782 2399 857 2451; x_wconf 89' lang='lat' dir='ltr'><strong>sunt;</strong></span> <span class='ocrx_word' id='word_1_119' title='bbox 902 2405 962 2440; x_wconf 79' lang='lat' dir='ltr'><strong>tem</strong></span> <span class='ocrx_word' id='word_1_120' title='bbox 973 2387 1037 2440; x_wconf 89' lang='lat' dir='ltr'><strong>buic</strong></span> <span class='ocrx_word' id='word_1_121' title='bbox 1049 2397 1152 2458; x_wconf 85' lang='lat' dir='ltr'><strong>patrem</strong></span> <span class='ocrx_word' id='word_1_122' title='bbox 1162 2403 1218 2438; x_wconf 86' lang='lat' dir='ltr'><strong>esse</strong></span> <span class='ocrx_word' id='word_1_123' title='bbox 1227 2383 1403 2455; x_wconf 82' lang='lat' dir='ltr'><strong>approbabat.</strong></span> 
     </span>
     <span class='ocr_line' id='line_1_19' title="bbox 347 2459 1414 2536; baseline 0.002 -24"><span class='ocrx_word' id='word_1_124' title='bbox 347 2459 419 2514; x_wconf 88' lang='lat' dir='ltr'><strong>unde</strong></span> <span class='ocrx_word' id='word_1_125' title='bbox 435 2459 597 2534; x_wconf 79' lang='lat' dir='ltr'><strong>mythologie</strong></span> <span class='ocrx_word' id='word_1_126' title='bbox 611 2463 740 2536; x_wconf 84' lang='lat' dir='ltr'><strong>originem</strong></span> <span class='ocrx_word' id='word_1_127' title='bbox 754 2465 787 2518; x_wconf 86' lang='lat' dir='ltr'><strong>ab</strong></span> <span class='ocrx_word' id='word_1_128' title='bbox 803 2477 859 2519; x_wconf 86' lang='lat' dir='ltr'><strong>arte</strong></span> <span class='ocrx_word' id='word_1_129' title='bbox 937 2472 998 2535; x_wconf 89' lang='lat'><strong>449.</strong></span> <span class='ocrx_word' id='word_1_130' title='bbox 1010 2469 1160 2526; x_wconf 79' lang='lat' dir='ltr'><strong>Communis,</strong></span> <span class='ocrx_word' id='word_1_131' title='bbox 1172 2475 1221 2518; x_wconf 89' lang='lat' dir='ltr'><strong>etc.</strong></span> <span class='ocrx_word' id='word_1_132' title='bbox 1235 2463 1327 2516; x_wconf 90' lang='lat' dir='ltr'><strong>Plures</strong></span> <span class='ocrx_word' id='word_1_133' title='bbox 1341 2461 1414 2516; x_wconf 87' lang='lat' dir='ltr'><strong>enim</strong></span> 
     </span>
     <span class='ocr_line' id='line_1_20' title="bbox 348 2540 1416 2618; baseline 0 -26"><span class='ocrx_word' id='word_1_134' title='bbox 348 2541 525 2594; x_wconf 85' lang='lat' dir='ltr'><strong>astronomica</strong></span> <span class='ocrx_word' id='word_1_135' title='bbox 538 2540 717 2614; x_wconf 80' lang='lat' dir='ltr'><strong>ducet-edicta</strong></span> <span class='ocrx_word' id='word_1_136' title='bbox 731 2556 780 2597; x_wconf 87' lang='lat' dir='ltr'><strong>est.</strong></span> <span class='ocrx_word' id='word_1_137' title='bbox 795 2543 858 2600; x_wconf 91' lang='lat' dir='ltr'><strong>Vid.</strong></span> <span class='ocrx_word' id='word_1_138' title='bbox 902 2565 933 2599; x_wconf 85' lang='lat' dir='ltr'><strong>ex</strong></span> <span class='ocrx_word' id='word_1_139' title='bbox 944 2545 1050 2616; x_wconf 89' lang='lat' dir='ltr'><strong>illisqui</strong></span> <span class='ocrx_word' id='word_1_140' title='bbox 1058 2563 1131 2598; x_wconf 89' lang='lat' dir='ltr'><strong>nunc</strong></span> <span class='ocrx_word' id='word_1_141' title='bbox 1141 2545 1285 2618; x_wconf 83' lang='lat' dir='ltr'><strong>Olympum</strong></span> <span class='ocrx_word' id='word_1_142' title='bbox 1296 2542 1416 2594; x_wconf 87' lang='lat' dir='ltr'><strong>obtinent</strong></span> 
     </span>
     <span class='ocr_line' id='line_1_21' title="bbox 348 2618 1415 2692; baseline 0.002 -23"><span class='ocrx_word' id='word_1_143' title='bbox 348 2618 424 2692; x_wconf 73' lang='lat' dir='ltr'><strong>Virg.</strong></span> <span class='ocrx_word' id='word_1_144' title='bbox 436 2619 533 2692; x_wconf 80' lang='lat' dir='ltr'><strong>Georg.</strong></span> <span class='ocrx_word' id='word_1_145' title='bbox 547 2620 577 2686; x_wconf 91' lang='lat'><strong>1,</strong></span> <span class='ocrx_word' id='word_1_146' title='bbox 589 2627 637 2685; x_wconf 81' lang='lat'><strong>32,</strong></span> <span class='ocrx_word' id='word_1_147' title='bbox 649 2633 674 2676; x_wconf 88' lang='lat' dir='ltr'><strong>et</strong></span> <span class='ocrx_word' id='word_1_148' title='bbox 685 2622 789 2676; x_wconf 82' lang='lat' dir='ltr'><strong>AEneid.</strong></span> <span class='ocrx_word' id='word_1_149' title='bbox 803 2623 860 2686; x_wconf 85' lang='lat' dir='ltr'><strong>IX,</strong></span> <span class='ocrx_word' id='word_1_150' title='bbox 902 2625 961 2690; x_wconf 87' lang='lat' dir='ltr'><strong>dei,</strong></span> <span class='ocrx_word' id='word_1_151' title='bbox 974 2624 1054 2677; x_wconf 87' lang='lat' dir='ltr'><strong>misto</strong></span> <span class='ocrx_word' id='word_1_152' title='bbox 1068 2623 1219 2676; x_wconf 85' lang='lat' dir='ltr'><strong>mortalium</strong></span> <span class='ocrx_word' id='word_1_153' title='bbox 1232 2640 1263 2674; x_wconf 86' lang='lat' dir='ltr'><strong>ac</strong></span> <span class='ocrx_word' id='word_1_154' title='bbox 1277 2619 1415 2674; x_wconf 85' lang='lat' dir='ltr'><strong>immorta-</strong></span> 
     </span>
     <span class='ocr_line' id='line_1_22' title="bbox 346 2697 1416 2766; baseline 0 -17"><span class='ocrx_word' id='word_1_155' title='bbox 346 2697 608 2763; x_wconf 79' lang='lat' dir='ltr'><strong>64130vid.Metam.</strong></span> <span class='ocrx_word' id='word_1_156' title='bbox 615 2701 676 2766; x_wconf 84' lang='lat' dir='ltr'><strong>XV,</strong></span> <span class='ocrx_word' id='word_1_157' title='bbox 682 2701 733 2756; x_wconf 75' lang='lat'><strong>838</strong></span> <span class='ocrx_word' id='word_1_158' title='bbox 742 2719 749 2763; x_wconf 89' lang='lat'>;</span> <span class='ocrx_word' id='word_1_159' title='bbox 757 2704 859 2756; x_wconf 85' lang='lat' dir='ltr'><strong>Lucan.</strong></span> <span class='ocrx_word' id='word_1_160' title='bbox 902 2703 966 2757; x_wconf 89' lang='lat' dir='ltr'><strong>lium</strong></span> <span class='ocrx_word' id='word_1_161' title='bbox 975 2703 1087 2764; x_wconf 87' lang='lat' dir='ltr'><strong>semine,</strong></span> <span class='ocrx_word' id='word_1_162' title='bbox 1097 2713 1127 2754; x_wconf 88' lang='lat' dir='ltr'><strong>ut</strong></span> <span class='ocrx_word' id='word_1_163' title='bbox 1135 2698 1331 2766; x_wconf 85' lang='lat' dir='ltr'><strong>Hercules,nati</strong></span> <span class='ocrx_word' id='word_1_164' title='bbox 1341 2710 1416 2762; x_wconf 86' lang='lat' dir='ltr'><strong>snnt;</strong></span> 
     </span>
     <span class='ocr_line' id='line_1_23' title="bbox 347 2777 1416 2853; baseline 0.003 -24"><span class='ocrx_word' id='word_1_165' title='bbox 347 2777 374 2836; x_wconf 90' lang='lat'><strong>1,</strong></span> <span class='ocrx_word' id='word_1_166' title='bbox 387 2778 504 2841; x_wconf 85' lang='lat' dir='ltr'><strong>45;Stat.</strong></span> <span class='ocrx_word' id='word_1_167' title='bbox 517 2779 602 2832; x_wconf 89' lang='lat' dir='ltr'><strong>Theb.</strong></span> <span class='ocrx_word' id='word_1_168' title='bbox 616 2780 645 2844; x_wconf 88' lang='lat'><strong>1,</strong></span> <span class='ocrx_word' id='word_1_169' title='bbox 658 2783 707 2844; x_wconf 75' lang='lat'><strong>25;</strong></span> <span class='ocrx_word' id='word_1_170' title='bbox 718 2780 859 2834; x_wconf 77' lang='lat' dir='ltr'><strong>claudian.</strong></span> <span class='ocrx_word' id='word_1_171' title='bbox 902 2781 998 2853; x_wconf 78' lang='lat' dir='ltr'><strong>Apollo</strong></span> <span class='ocrx_word' id='word_1_172' title='bbox 1010 2800 1045 2834; x_wconf 83' lang='lat' dir='ltr'><strong>ex</strong></span> <span class='ocrx_word' id='word_1_173' title='bbox 1057 2782 1123 2834; x_wconf 82' lang='lat' dir='ltr'><strong>Jove</strong></span> <span class='ocrx_word' id='word_1_174' title='bbox 1137 2791 1163 2833; x_wconf 87' lang='lat' dir='ltr'><strong>et</strong></span> <span class='ocrx_word' id='word_1_175' title='bbox 1177 2781 1295 2842; x_wconf 84' lang='lat' dir='ltr'><strong>Latona,</strong></span> <span class='ocrx_word' id='word_1_176' title='bbox 1311 2779 1416 2832; x_wconf 85' lang='lat' dir='ltr'><strong>Mercu·</strong></span> 
     </span>
     <span class='ocr_line' id='line_1_24' title="bbox 346 2855 1332 2931; baseline 0.001 -24"><span class='ocrx_word' id='word_1_177' title='bbox 346 2855 420 2910; x_wconf 85' lang='lat' dir='ltr'><strong>Tert.</strong></span> <span class='ocrx_word' id='word_1_178' title='bbox 433 2857 540 2910; x_wconf 90' lang='lat' dir='ltr'><strong>Consul.</strong></span> <span class='ocrx_word' id='word_1_179' title='bbox 552 2857 653 2911; x_wconf 88' lang='lat' dir='ltr'><strong>Honor.</strong></span> <span class='ocrx_word' id='word_1_180' title='bbox 665 2877 728 2931; x_wconf 73' lang='lat'><strong>172,</strong></span> <span class='ocrx_word' id='word_1_181' title='bbox 738 2873 786 2912; x_wconf 85' lang='lat' dir='ltr'><strong>etc.</strong></span> <span class='ocrx_word' id='word_1_182' title='bbox 799 2871 849 2914; x_wconf 84' lang='lat' dir='ltr'><strong>etc.</strong></span> <span class='ocrx_word' id='word_1_183' title='bbox 902 2861 958 2912; x_wconf 90' lang='lat' dir='ltr'><strong>rius</strong></span> <span class='ocrx_word' id='word_1_184' title='bbox 968 2879 1002 2912; x_wconf 82' lang='lat' dir='ltr'><strong>ex</strong></span> <span class='ocrx_word' id='word_1_185' title='bbox 1011 2860 1077 2912; x_wconf 83' lang='lat' dir='ltr'><strong>Jove</strong></span> <span class='ocrx_word' id='word_1_186' title='bbox 1086 2871 1112 2912; x_wconf 87' lang='lat' dir='ltr'><strong>et</strong></span> <span class='ocrx_word' id='word_1_187' title='bbox 1122 2857 1208 2921; x_wconf 86' lang='lat' dir='ltr'><strong>Maia,</strong></span> <span class='ocrx_word' id='word_1_188' title='bbox 1223 2870 1273 2911; x_wconf 90' lang='lat' dir='ltr'><strong>etc.</strong></span> <span class='ocrx_word' id='word_1_189' title='bbox 1283 2869 1332 2910; x_wconf 91' lang='lat' dir='ltr'><strong>etc.</strong></span> 
     </span>
    </p>

    <p class='ocr_par' dir='ltr' id='par_1_10' title="bbox 347 2935 1417 3546">
     <span class='ocr_line' id='line_1_25' title="bbox 384 2935 1414 3008; baseline -0.004 -18"><span class='ocrx_word' id='word_1_190' title='bbox 384 2935 445 3000; x_wconf 83' lang='grc'>438.</span> <span class='ocrx_word' id='word_1_191' title='bbox 458 2942 513 3005; x_wconf 82' lang='lat' dir='ltr'><strong>Quo</strong></span> <span class='ocrx_word' id='word_1_192' title='bbox 518 2953 590 3006; x_wconf 84' lang='lat' dir='ltr'><strong>patre</strong></span> <span class='ocrx_word' id='word_1_193' title='bbox 594 2941 700 3008; x_wconf 67' lang='lat' dir='ltr'><strong>genitate.</strong></span> <span class='ocrx_word' id='word_1_194' title='bbox 708 2939 809 2992; x_wconf 77' lang='lat' dir='ltr'><strong>Caelum</strong></span> <span class='ocrx_word' id='word_1_195' title='bbox 820 2939 860 2991; x_wconf 87' lang='lat' dir='ltr'><strong>in·</strong></span> <span class='ocrx_word' id='word_1_196' title='bbox 939 2940 1000 3003; x_wconf 84' lang='lat'><strong>451.</strong></span> <span class='ocrx_word' id='word_1_197' title='bbox 1012 2945 1102 2990; x_wconf 84' lang='lat' dir='ltr'><strong>Pastor</strong></span> <span class='ocrx_word' id='word_1_198' title='bbox 1107 2941 1217 2992; x_wconf 77' lang='lat' dir='ltr'><strong>Pheraeos</strong></span> <span class='ocrx_word' id='word_1_199' title='bbox 1223 2941 1314 2988; x_wconf 81' lang='lat' dir='ltr'><strong>Delius.</strong></span> <span class='ocrx_word' id='word_1_200' title='bbox 1324 2936 1414 3002; x_wconf 88' lang='lat' dir='ltr'><strong>Quum</strong></span> 
     </span>
     <span class='ocr_line' id='line_1_26' title="bbox 347 3007 1416 3088; baseline -0.002 -18"><span class='ocrx_word' id='word_1_201' title='bbox 347 3025 419 3074; x_wconf 77' lang='lat' dir='ltr'><strong>unce</strong></span> <span class='ocrx_word' id='word_1_202' title='bbox 431 3017 539 3072; x_wconf 87' lang='lat' dir='ltr'><strong>nonnisi</strong></span> <span class='ocrx_word' id='word_1_203' title='bbox 548 3007 676 3073; x_wconf 83' lang='lat' dir='ltr'><strong>heroibus</strong></span> <span class='ocrx_word' id='word_1_204' title='bbox 688 3037 860 3082; x_wconf 86' lang='lat' dir='ltr'><strong>concessum,</strong></span> <span class='ocrx_word' id='word_1_205' title='bbox 902 3017 1021 3088; x_wconf 84' lang='lat' dir='ltr'><strong>Jupiter,</strong></span> <span class='ocrx_word' id='word_1_206' title='bbox 1044 3028 1170 3088; x_wconf 80' lang='lat' dir='ltr'><strong>querente</strong></span> <span class='ocrx_word' id='word_1_207' title='bbox 1196 3017 1276 3070; x_wconf 79' lang='lat' dir='ltr'><strong>fratre</strong></span> <span class='ocrx_word' id='word_1_208' title='bbox 1303 3015 1416 3068; x_wconf 88' lang='lat' dir='ltr'><strong>Plutone</strong></span> 
     </span>
     <span class='ocr_line' id='line_1_27' title="bbox 347 3093 1416 3170; baseline -0.003 -22"><span class='ocrx_word' id='word_1_209' title='bbox 347 3096 365 3148; x_wconf 89' lang='lat' dir='ltr'><strong>i.</strong></span> <span class='ocrx_word' id='word_1_210' title='bbox 378 3114 400 3149; x_wconf 92' lang='lat' dir='ltr'><strong>e.</strong></span> <span class='ocrx_word' id='word_1_211' title='bbox 411 3108 456 3150; x_wconf 83' lang='lat' dir='ltr'><strong>aut</strong></span> <span class='ocrx_word' id='word_1_212' title='bbox 465 3096 795 3170; x_wconf 81' lang='lat' dir='ltr'><strong>petredivino,autdivina</strong></span> <span class='ocrx_word' id='word_1_213' title='bbox 805 3116 860 3151; x_wconf 90' lang='lat' dir='ltr'><strong>ma·</strong></span> <span class='ocrx_word' id='word_1_214' title='bbox 902 3096 975 3169; x_wconf 92' lang='lat' dir='ltr'><strong>qnod</strong></span> <span class='ocrx_word' id='word_1_215' title='bbox 988 3096 1156 3168; x_wconf 79' lang='lat' dir='ltr'><strong>AEsculapiua</strong></span> <span class='ocrx_word' id='word_1_216' title='bbox 1169 3103 1251 3148; x_wconf 86' lang='lat' dir='ltr'><strong>vitam</strong></span> <span class='ocrx_word' id='word_1_217' title='bbox 1269 3093 1416 3167; x_wconf 84' lang='lat' dir='ltr'><strong>Hippolyto</strong></span> 
     </span>
     <span class='ocr_line' id='line_1_28' title="bbox 349 3172 1416 3248; baseline -0.004 -21"><span class='ocrx_word' id='word_1_218' title='bbox 349 3187 390 3227; x_wconf 86' lang='lat' dir='ltr'><strong>tre</strong></span> <span class='ocrx_word' id='word_1_219' title='bbox 399 3175 551 3246; x_wconf 84' lang='lat' dir='ltr'><strong>procreatis.</strong></span> <span class='ocrx_word' id='word_1_220' title='bbox 560 3176 648 3248; x_wconf 87' lang='lat' dir='ltr'><strong>Lycus</strong></span> <span class='ocrx_word' id='word_1_221' title='bbox 657 3187 790 3239; x_wconf 64' lang='lat' dir='ltr'><strong>autemut</strong></span> <span class='ocrx_word' id='word_1_222' title='bbox 799 3195 858 3248; x_wconf 87' lang='lat' dir='ltr'><strong>sup.</strong></span> <span class='ocrx_word' id='word_1_223' title='bbox 902 3175 1061 3240; x_wconf 86' lang='lat' dir='ltr'><strong>reddiderit,</strong></span> <span class='ocrx_word' id='word_1_224' title='bbox 1081 3186 1106 3227; x_wconf 89' lang='lat' dir='ltr'><strong>et</strong></span> <span class='ocrx_word' id='word_1_225' title='bbox 1124 3174 1226 3246; x_wconf 73' lang='lat' dir='ltr'><strong>legibus</strong></span> <span class='ocrx_word' id='word_1_226' title='bbox 1247 3172 1353 3244; x_wconf 86' lang='lat' dir='ltr'><strong>imperii</strong></span> <span class='ocrx_word' id='word_1_227' title='bbox 1375 3172 1416 3225; x_wconf 87' lang='lat' dir='ltr'><strong>sui</strong></span> 
     </span>
     <span class='ocr_line' id='line_1_29' title="bbox 347 3251 1416 3326; baseline -0.002 -21"><span class='ocrx_word' id='word_1_228' title='bbox 347 3251 463 3316; x_wconf 88' lang='lat' dir='ltr'><strong>dictum,</strong></span> <span class='ocrx_word' id='word_1_229' title='bbox 480 3273 506 3306; x_wconf 79' lang='lat' dir='ltr'><strong>r.</strong></span> <span class='ocrx_word' id='word_1_230' title='bbox 520 3255 580 3319; x_wconf 79' lang='lat'><strong>3⁵7,</strong></span> <span class='ocrx_word' id='word_1_231' title='bbox 592 3254 667 3308; x_wconf 86' lang='lat' dir='ltr'><strong>Jovis</strong></span> <span class='ocrx_word' id='word_1_232' title='bbox 680 3273 743 3308; x_wconf 86' lang='lat' dir='ltr'><strong>cum</strong></span> <span class='ocrx_word' id='word_1_233' title='bbox 757 3253 859 3308; x_wconf 87' lang='lat' dir='ltr'><strong>Alcme·</strong></span> <span class='ocrx_word' id='word_1_234' title='bbox 903 3254 1053 3316; x_wconf 88' lang='lat' dir='ltr'><strong>obstiterit,</strong></span> <span class='ocrx_word' id='word_1_235' title='bbox 1069 3251 1283 3326; x_wconf 82' lang='lat' dir='ltr'><strong>intempestivum</strong></span> <span class='ocrx_word' id='word_1_236' title='bbox 1300 3251 1416 3306; x_wconf 80' lang='lat' dir='ltr'><strong>medica-</strong></span> 
     </span>
     <span class='ocr_line' id='line_1_30' title="bbox 348 3329 1416 3403; baseline -0.002 -19"><span class='ocrx_word' id='word_1_237' title='bbox 348 3351 380 3386; x_wconf 85' lang='lat' dir='ltr'><strong>na</strong></span> <span class='ocrx_word' id='word_1_238' title='bbox 396 3333 567 3388; x_wconf 88' lang='lat' dir='ltr'><strong>concubitum</strong></span> <span class='ocrx_word' id='word_1_239' title='bbox 582 3346 608 3388; x_wconf 94' lang='lat' dir='ltr'><strong>et</strong></span> <span class='ocrx_word' id='word_1_240' title='bbox 621 3334 742 3390; x_wconf 84' lang='lat' dir='ltr'><strong>divinum</strong></span> <span class='ocrx_word' id='word_1_241' title='bbox 756 3335 858 3388; x_wconf 85' lang='lat' dir='ltr'><strong>Hercu-</strong></span> <span class='ocrx_word' id='word_1_242' title='bbox 902 3347 986 3388; x_wconf 90' lang='lat' dir='ltr'><strong>torem</strong></span> <span class='ocrx_word' id='word_1_243' title='bbox 1001 3331 1111 3384; x_wconf 82' lang='lat' dir='ltr'><strong>fulmine</strong></span> <span class='ocrx_word' id='word_1_244' title='bbox 1124 3330 1308 3403; x_wconf 81' lang='lat' dir='ltr'><strong>percussisset,</strong></span> <span class='ocrx_word' id='word_1_245' title='bbox 1319 3329 1416 3402; x_wconf 79' lang='lat' dir='ltr'><strong>Apollo</strong></span> 
     </span>
     <span class='ocr_line' id='line_1_31' title="bbox 348 3409 1417 3484; baseline -0.004 -18"><span class='ocrx_word' id='word_1_246' title='bbox 348 3409 379 3466; x_wconf 86' lang='lat' dir='ltr'><strong>lis</strong></span> <span class='ocrx_word' id='word_1_247' title='bbox 391 3430 533 3484; x_wconf 73' lang='lat' dir='ltr'><strong>genuspro</strong></span> <span class='ocrx_word' id='word_1_248' title='bbox 546 3414 612 3470; x_wconf 84' lang='lat' dir='ltr'><strong>lictis</strong></span> <span class='ocrx_word' id='word_1_249' title='bbox 628 3427 654 3470; x_wconf 86' lang='lat' dir='ltr'><strong>et</strong></span> <span class='ocrx_word' id='word_1_250' title='bbox 671 3416 859 3470; x_wconf 87' lang='lat' dir='ltr'><strong>commentitiis</strong></span> <span class='ocrx_word' id='word_1_251' title='bbox 902 3413 950 3466; x_wconf 81' lang='lat' dir='ltr'><strong>filii</strong></span> <span class='ocrx_word' id='word_1_252' title='bbox 968 3429 1059 3466; x_wconf 87' lang='lat' dir='ltr'><strong>necem</strong></span> <span class='ocrx_word' id='word_1_253' title='bbox 1078 3411 1146 3464; x_wconf 87' lang='lat' dir='ltr'><strong>male</strong></span> <span class='ocrx_word' id='word_1_254' title='bbox 1164 3411 1268 3471; x_wconf 73' lang='lat' dir='ltr'><strong>femus,</strong></span> <span class='ocrx_word' id='word_1_255' title='bbox 1285 3409 1417 3481; x_wconf 81' lang='lat' dir='ltr'><strong>Cyclopas</strong></span> 
     </span>
     <span class='ocr_line' id='line_1_32' title="bbox 348 3486 1415 3546; baseline -0.005 -2"><span class='ocrx_word' id='word_1_256' title='bbox 348 3489 436 3546; x_wconf 87' lang='lat' dir='ltr'><strong>babet.</strong></span> <span class='ocrx_word' id='word_1_257' title='bbox 902 3490 1022 3544; x_wconf 83' lang='lat' dir='ltr'><strong>fulminis</strong></span> <span class='ocrx_word' id='word_1_258' title='bbox 1033 3488 1204 3542; x_wconf 84' lang='lat' dir='ltr'><strong>fabricatores</strong></span> <span class='ocrx_word' id='word_1_259' title='bbox 1217 3489 1275 3542; x_wconf 88' lang='lat' dir='ltr'><strong>telis</strong></span> <span class='ocrx_word' id='word_1_260' title='bbox 1286 3486 1415 3540; x_wconf 82' lang='lat' dir='ltr'><strong>confixit:</strong></span> 
     </span>
    </p>

    <p class='ocr_par' dir='ltr' id='par_1_11' title="bbox 347 3564 1437 4116">
     <span class='ocr_line' id='line_1_33' title="bbox 384 3564 1417 3645; baseline -0.005 -23"><span class='ocrx_word' id='word_1_261' title='bbox 384 3576 444 3636; x_wconf 89' lang='lat'><strong>444.</strong></span> <span class='ocrx_word' id='word_1_262' title='bbox 459 3573 597 3640; x_wconf 63' lang='lat' dir='ltr'><strong>attegiam.</strong></span> <span class='ocrx_word' id='word_1_263' title='bbox 610 3574 691 3626; x_wconf 83' lang='lat' dir='ltr'><strong>Juxta</strong></span> <span class='ocrx_word' id='word_1_264' title='bbox 705 3573 857 3645; x_wconf 77' lang='lat' dir='ltr'><strong>Phlegram,</strong></span> <span class='ocrx_word' id='word_1_265' title='bbox 902 3587 980 3643; x_wconf 86' lang='lat' dir='ltr'><strong>quam</strong></span> <span class='ocrx_word' id='word_1_266' title='bbox 992 3570 1095 3622; x_wconf 87' lang='lat' dir='ltr'><strong>obrem</strong></span> <span class='ocrx_word' id='word_1_267' title='bbox 1106 3568 1170 3623; x_wconf 84' lang='lat' dir='ltr'><strong>caelo</strong></span> <span class='ocrx_word' id='word_1_268' title='bbox 1183 3567 1285 3638; x_wconf 86' lang='lat' dir='ltr'><strong>pulsus,</strong></span> <span class='ocrx_word' id='word_1_269' title='bbox 1295 3566 1367 3618; x_wconf 80' lang='lat' dir='ltr'><strong>exsul</strong></span> <span class='ocrx_word' id='word_1_270' title='bbox 1381 3564 1417 3618; x_wconf 83' lang='lat' dir='ltr'><strong>ad</strong></span> 
     </span>
     <span class='ocr_line' id='line_1_34' title="bbox 349 3643 1416 3718; baseline -0.007 -16"><span class='ocrx_word' id='word_1_271' title='bbox 349 3649 443 3702; x_wconf 86' lang='lat' dir='ltr'><strong>urbem</strong></span> <span class='ocrx_word' id='word_1_272' title='bbox 458 3647 638 3715; x_wconf 80' lang='lat' dir='ltr'><strong>Macedoniae,</strong></span> <span class='ocrx_word' id='word_1_273' title='bbox 655 3652 730 3706; x_wconf 82' lang='lat' dir='ltr'><strong>vallis</strong></span> <span class='ocrx_word' id='word_1_274' title='bbox 746 3652 812 3717; x_wconf 84' lang='lat' dir='ltr'><strong>fnit,</strong></span> <span class='ocrx_word' id='word_1_275' title='bbox 830 3651 857 3704; x_wconf 88' lang='lat' dir='ltr'><strong>in</strong></span> <span class='ocrx_word' id='word_1_276' title='bbox 901 3649 1044 3703; x_wconf 85' lang='lat' dir='ltr'><strong>Admetum</strong></span> <span class='ocrx_word' id='word_1_277' title='bbox 1062 3666 1151 3718; x_wconf 83' lang='lat' dir='ltr'><strong>regem</strong></span> <span class='ocrx_word' id='word_1_278' title='bbox 1168 3643 1309 3700; x_wconf 71' lang='lat' dir='ltr'><strong>Thessalia</strong></span> <span class='ocrx_word' id='word_1_279' title='bbox 1332 3643 1416 3708; x_wconf 79' lang='lat' dir='ltr'><strong>venit,</strong></span> 
     </span>
     <span class='ocr_line' id='line_1_35' title="bbox 348 3728 1417 3802; baseline -0.004 -22"><span class='ocrx_word' id='word_1_280' title='bbox 348 3746 401 3802; x_wconf 86' lang='lat' dir='ltr'><strong>qua</strong></span> <span class='ocrx_word' id='word_1_281' title='bbox 416 3728 533 3801; x_wconf 75' lang='lat' dir='ltr'><strong>gigantes</strong></span> <span class='ocrx_word' id='word_1_282' title='bbox 550 3731 614 3784; x_wconf 88' lang='lat' dir='ltr'><strong>olim</strong></span> <span class='ocrx_word' id='word_1_283' title='bbox 630 3751 691 3786; x_wconf 82' lang='lat' dir='ltr'><strong>cum</strong></span> <span class='ocrx_word' id='word_1_284' title='bbox 712 3731 859 3786; x_wconf 78' lang='lat' dir='ltr'><strong>caelestibus</strong></span> <span class='ocrx_word' id='word_1_285' title='bbox 903 3741 928 3782; x_wconf 90' lang='lat' dir='ltr'><strong>ct</strong></span> <span class='ocrx_word' id='word_1_286' title='bbox 951 3729 1007 3798; x_wconf 85' lang='lat' dir='ltr'><strong>ejus</strong></span> <span class='ocrx_word' id='word_1_287' title='bbox 1031 3744 1123 3800; x_wconf 74' lang='lat' dir='ltr'><strong>greges</strong></span> <span class='ocrx_word' id='word_1_288' title='bbox 1146 3743 1194 3799; x_wconf 87' lang='lat' dir='ltr'><strong>per</strong></span> <span class='ocrx_word' id='word_1_289' title='bbox 1214 3741 1311 3777; x_wconf 83' lang='lat' dir='ltr'><strong>novem</strong></span> <span class='ocrx_word' id='word_1_290' title='bbox 1332 3741 1417 3802; x_wconf 82' lang='lat' dir='ltr'><strong>annos</strong></span> 
     </span>
     <span class='ocr_line' id='line_1_36' title="bbox 347 3804 1417 3880; baseline -0.006 -20"><span class='ocrx_word' id='word_1_291' title='bbox 347 3810 859 3880; x_wconf 71' lang='lat' dir='ltr'><strong>pugnamconaeruisse,etabillis,Her·</strong></span> <span class='ocrx_word' id='word_1_292' title='bbox 903 3804 1083 3878; x_wconf 74' lang='lat' dir='ltr'><strong>pavi13unde</strong></span> <span class='ocrx_word' id='word_1_293' title='bbox 1105 3817 1195 3878; x_wconf 84' lang='lat' dir='ltr'><strong>postea</strong></span> <span class='ocrx_word' id='word_1_294' title='bbox 1220 3815 1417 3856; x_wconf 79' lang='lat' dir='ltr'><strong>consueverunt</strong></span> 
     </span>
     <span class='ocr_line' id='line_1_37' title="bbox 349 3882 1415 3959; baseline -0.006 -19"><span class='ocrx_word' id='word_1_295' title='bbox 349 3887 416 3940; x_wconf 88' lang='lat' dir='ltr'><strong>culis</strong></span> <span class='ocrx_word' id='word_1_296' title='bbox 432 3905 504 3958; x_wconf 91' lang='lat' dir='ltr'><strong>ope,</strong></span> <span class='ocrx_word' id='word_1_297' title='bbox 523 3885 585 3940; x_wconf 85' lang='lat' dir='ltr'><strong>victi</strong></span> <span class='ocrx_word' id='word_1_298' title='bbox 607 3890 687 3944; x_wconf 82' lang='lat' dir='ltr'><strong>luisse</strong></span> <span class='ocrx_word' id='word_1_299' title='bbox 707 3901 858 3944; x_wconf 80' lang='lat' dir='ltr'><strong>narrentur.</strong></span> <span class='ocrx_word' id='word_1_300' title='bbox 903 3898 1020 3959; x_wconf 86' lang='lat' dir='ltr'><strong>pastores</strong></span> <span class='ocrx_word' id='word_1_301' title='bbox 1029 3903 1090 3938; x_wconf 89' lang='lat' dir='ltr'><strong>eum</strong></span> <span class='ocrx_word' id='word_1_302' title='bbox 1101 3886 1240 3943; x_wconf 79' lang='lat' dir='ltr'><strong>invocare.</strong></span> <span class='ocrx_word' id='word_1_303' title='bbox 1252 3882 1415 3954; x_wconf 85' lang='lat' dir='ltr'><strong>praecipuum</strong></span> 
     </span>
     <span class='ocr_line' id='line_1_38' title="bbox 350 3963 1437 4040; baseline -0.004 -22"><span class='ocrx_word' id='word_1_304' title='bbox 350 3963 516 4035; x_wconf 83' lang='lat' dir='ltr'><strong>Cs.Euripid.</strong></span> <span class='ocrx_word' id='word_1_305' title='bbox 526 3965 631 4020; x_wconf 84' lang='lat' dir='ltr'><strong>Hercul.</strong></span> <span class='ocrx_word' id='word_1_306' title='bbox 646 3969 698 4022; x_wconf 81' lang='lat' dir='ltr'><strong>fur.</strong></span> <span class='ocrx_word' id='word_1_307' title='bbox 712 3988 770 4040; x_wconf 86' lang='lat'><strong>177.</strong></span> <span class='ocrx_word' id='word_1_308' title='bbox 779 3967 858 4021; x_wconf 78' lang='lat' dir='ltr'><strong>Ouid.</strong></span> <span class='ocrx_word' id='word_1_309' title='bbox 904 3979 931 4019; x_wconf 86' lang='lat' dir='ltr'><strong>ct</strong></span> <span class='ocrx_word' id='word_1_310' title='bbox 941 3966 1014 4038; x_wconf 87' lang='lat' dir='ltr'><strong>quasi</strong></span> <span class='ocrx_word' id='word_1_311' title='bbox 1024 3964 1075 4018; x_wconf 79' lang='lat' dir='ltr'><strong>sibi</strong></span> <span class='ocrx_word' id='word_1_312' title='bbox 1083 3963 1220 4035; x_wconf 88' lang='lat' dir='ltr'><strong>proprium</strong></span> <span class='ocrx_word' id='word_1_313' title='bbox 1231 3980 1340 4016; x_wconf 88' lang='lat' dir='ltr'><strong>numen.</strong></span> <span class='ocrx_word' id='word_1_314' title='bbox 1354 3963 1417 4012; x_wconf 77' lang='lat' dir='ltr'><strong>Phe·</strong></span> <span class='ocrx_word' id='word_1_315' title='bbox 1434 4008 1437 4014; x_wconf 89' lang='lat'><strong>.</strong></span> 
     </span>
     <span class='ocr_line' id='line_1_39' title="bbox 349 4037 1415 4116; baseline -0.006 -18"><span class='ocrx_word' id='word_1_316' title='bbox 349 4043 458 4098; x_wconf 80' lang='lat' dir='ltr'><strong>Metam.</strong></span> <span class='ocrx_word' id='word_1_317' title='bbox 468 4045 501 4106; x_wconf 70' lang='lat' dir='ltr'><strong>X,</strong></span> <span class='ocrx_word' id='word_1_318' title='bbox 512 4045 569 4100; x_wconf 76' lang='lat'><strong>150.</strong></span> <span class='ocrx_word' id='word_1_319' title='bbox 579 4045 644 4100; x_wconf 83' lang='lat' dir='ltr'><strong>Stat.</strong></span> <span class='ocrx_word' id='word_1_320' title='bbox 653 4047 738 4101; x_wconf 85' lang='lat' dir='ltr'><strong>Theb.</strong></span> <span class='ocrx_word' id='word_1_321' title='bbox 748 4049 788 4108; x_wconf 85' lang='grc' dir='ltr'><strong>ΙΙ,</strong></span> <span class='ocrx_word' id='word_1_322' title='bbox 799 4047 859 4116; x_wconf 81' lang='lat'><strong>595.</strong></span> <span class='ocrx_word' id='word_1_323' title='bbox 904 4066 982 4109; x_wconf 83' lang='lat' dir='ltr'><strong>roeos,</strong></span> <span class='ocrx_word' id='word_1_324' title='bbox 996 4065 1012 4100; x_wconf 85' lang='lat' dir='ltr'><strong>a</strong></span> <span class='ocrx_word' id='word_1_325' title='bbox 1025 4043 1133 4109; x_wconf 87' lang='lat' dir='ltr'><strong>Pheris,</strong></span> <span class='ocrx_word' id='word_1_326' title='bbox 1150 4041 1294 4096; x_wconf 83' lang='lat' dir='ltr'><strong>Thessaliae</strong></span> <span class='ocrx_word' id='word_1_327' title='bbox 1308 4037 1415 4112; x_wconf 86' lang='lat' dir='ltr'><strong>oppido.</strong></span> 
     </span>
    </p>

    <p class='ocr_par' dir='ltr' id='par_1_12' title="bbox 385 4117 1417 4196">
     <span class='ocr_line' id='line_1_40' title="bbox 385 4117 1417 4196; baseline -0.007 -19"><span class='ocrx_word' id='word_1_328' title='bbox 385 4130 445 4194; x_wconf 87' lang='lat'><strong>447.</strong></span> <span class='ocrx_word' id='word_1_329' title='bbox 465 4129 569 4178; x_wconf 81' lang='lat' dir='ltr'><strong>lunonis</strong></span> <span class='ocrx_word' id='word_1_330' title='bbox 587 4129 643 4178; x_wconf 80' lang='lat' dir='ltr'><strong>odio</strong></span> <span class='ocrx_word' id='word_1_331' title='bbox 661 4132 740 4180; x_wconf 80' lang='lat' dir='ltr'><strong>erede.</strong></span> <span class='ocrx_word' id='word_1_332' title='bbox 756 4126 860 4180; x_wconf 88' lang='lat' dir='ltr'><strong>Scilicet</strong></span> <span class='ocrx_word' id='word_1_333' title='bbox 904 4128 997 4178; x_wconf 78' lang='lat' dir='ltr'><strong>Delius.</strong></span> <span class='ocrx_word' id='word_1_334' title='bbox 1022 4127 1177 4196; x_wconf 77' lang='lat' dir='ltr'><strong>cognomen</strong></span> <span class='ocrx_word' id='word_1_335' title='bbox 1198 4119 1349 4192; x_wconf 79' lang='lat' dir='ltr'><strong>Apollinis,</strong></span> <span class='ocrx_word' id='word_1_336' title='bbox 1368 4117 1417 4176; x_wconf 70' lang='lat' dir='ltr'><strong>du.</strong></span> 
     </span>
    </p>
   </div>
   <div class='ocr_carea' id='block_1_4' title="bbox 0 0 1634 5138">
    <p class='ocr_par' dir='ltr' id='par_1_13' title="bbox 0 0 1634 5138">
     <span class='ocr_line' id='line_1_41' title="bbox 0 0 1634 5138; baseline 0 0"><span class='ocrx_word' id='word_1_337' title='bbox 0 0 1634 5138; x_wconf 95' lang='lat' dir='ltr'><strong> </strong></span> 
     </span>
    </p>
   </div>
  </div>
 </body>
</html>
