3070 5158
359 522 668 594 PHOENISSAE.
695 523 802 592 ACT.
831 525 895 592 IV.
1093 519 1163 606 425

145 645 311 716 Comitata
328 645 475 738 primos,
492 670 554 715 nec
571 670 630 715 sua
646 645 745 718 festas
760 669 862 714 manu

146 754 290 825 Ornavit
308 751 415 842 aedes,
433 779 495 824 nec
511 778 571 826 sua
589 754 678 826 laetas
697 754 784 825 faces

144 864 238 932 Vitta
257 863 418 933 revinxit:
436 862 525 934 dona
542 889 611 934 nou
630 887 714 934 auro
733 889 849 961 graves

144 977 254 1043 Gazae
274 997 379 1060 socer,
399 999 468 1045 nou
487 999 585 1064 arva,
603 999 672 1044 uon
691 976 792 1045 urbes
809 974 919 1062 dedit;

144 1081 267 1152 Dotale
285 1081 409 1153 bellum
428 1099 488 1154 est.
511 1086 665 1155 Hostium
684 1111 718 1156 es
735 1086 842 1156 lactus
861 1109 973 1181 gener,
1124 1105 1162 1144 ⁵10

144 1194 253 1263 Patria
274 1208 441 1284 remotus,
460 1195 581 1292 hospes
600 1196 700 1267 alieni
716 1194 813 1285 laris,

144 1307 292 1375 Externa
306 1320 522 1391 consecutus,
539 1305 699 1404 expulsus
715 1307 799 1393 tuis,

144 1413 224 1483 Sine
244 1413 384 1484 erimine
403 1414 507 1486 exsul.
530 1420 582 1490 Ne
600 1417 682 1512 qnid
699 1442 718 1487 e
735 1417 812 1506 ¹latis
832 1415 894 1485 tibi

144 1525 283 1592 Deesset
299 1525 463 1618 paternis,
483 1525 547 1596 hoc
567 1551 704 1621 quoque
719 1552 761 1596 ex
780 1524 844 1595 illis
861 1525 978 1612 babes,
1019 1561 1021 1568 v

143 1635 280 1702 Errasse
299 1631 466 1705 thala'mis.
482 1637 588 1724 Nate,
604 1652 680 1732 post
698 1635 822 1707 multus
838 1636 921 1707 mibi
963 1671 965 1678 ·
1122 1651 1161 1694 ⁵1⁵

96 1861 167 1931 pipeti
188 1859 284 1928 χλιδᾶς.
295 1861 449 1929 »noanon
468 1865 606 1933 Anapum,
644 1863 1058 1937 Denaperappoeitiouemeum
1066 1881 1163 1931 gazas,

95 1951 147 1994 aet.
160 1939 206 2003 ll,
219 1957 291 1992 acen.
302 1947 319 2006 4
332 1959 340 1992 2
649 1963 720 2005 aava,
737 1949 806 1996 arbes
816 1957 987 2016 usurpatum,
998 1954 1028 1996 ut
1041 1943 1069 1994 in
1081 1943 1159 1995 llere.

96 2042 609 2100 unqufflmrrrmffimmwp
650 2023 713 2076 OEt.
728 2028 780 2090 ⁴⁰9
799 2041 807 2076 :
828 2023 959 2077 -Fanrula
981 2023 1027 2076 illa
1046 2021 1161 2074 trahitur

95 2108 148 2148 c'm
158 2119 187 2147 aa
197 2105 253 2146 erote
263 2107 461 2160 qu'onn'ttaimt
473 2106 607 2159 aminneis
649 2101 757 2155 interim
771 2101 872 2157 donum
892 2103 949 2155 tibi.
961 2127 974 2147 ι
994 2101 1036 2154 cf.
1057 2113 1084 2154 et
1097 2101 1159 2153 inlr.

144 2168 234 2219 jalam.
649 2180 773 2236 Phaniae.
792 2182 861 2252 595.
883 2195 909 2236 et
929 2179 1030 2253 OEdip.
1050 2180 1110 2235 853.
1123 2211 1159 2220 -

129 2253 190 2309 506.
202 2259 405 2326 Neesuasetm,
415 2267 468 2312 etc.
482 2257 605 2310 «nomm
649 2267 719 2313 Am
727 2282 822 2332 grum.
831 2261 873 2314 Sin
883 2260 960 2332 Virp.
971 2263 1033 2313 AEn.
1046 2261 1140 2329 1‚728
1152 2279 1158 2312 :

93 2334 246 2397 ornabatur,
255 2336 293 2390 ait
298 2335 395 2399 Delrio,
400 2335 513 2389 maxinte
518 2347 605 2408 postet
655 2367 666 2388 ·
674 2341 725 2396 llic
734 2341 826 2413 regina
838 2358 947 2412 gravem
961 2338 1072 2411 gemmis
1083 2357 1160 2392 auru-

91 2415 253 2484 jannarum:
267 2417 356 2469 ·teetia
367 2416 487 2470 Juvenal.
498 2427 544 2469 aet.
556 2415 605 2467 vl.
649 2439 702 2494 que
708 2419 829 2493 peporcit
841 2419 1020 2493 Inpleritque
1031 2437 1104 2472 mero
1113 2437 1159 2491 pu·

94 2493 233 2548 Claudiau.
249 2491 283 2548 de
291 2495 396 2569 Nuptiis
408 2495 510 2549 Honor.
515 2506 542 2548 et
548 2495 606 2547 lila-
649 2511 765 2554 teram..

92 2572 138 2625 rie
154 2573 228 2626 :dii
239 2585 330 2630 nostra
342 2571 441 2630 nitido·
460 2585 547 2646 postea
558 2575 606 2627 ob-
686 2579 747 2634 ⁵10.
757 2581 846 2630 Dotale
854 2581 953 2632 bellam.
966 2577 1041 2649 Virg.
1055 2576 1160 2630 AEueid.

93 2647 191 2705 ducere
200 2664 287 2726 myrto
297 2653 480 2708 Contaadant:
492 2671 606 2726 parene-
651 2659 719 2726 VH,
738 2659 789 2711 318
808 2675 815 2710 :
835 2657 990 2728 usanguine
1007 2657 1123 2729 Trojano
1133 2667 1159 2708 et

93 2733 186 2785 etareie
196 2750 333 2806 aspergere
345 2745 412 2788 tecta
424 2734 567 2798 Fontibus,
579 2746 606 2787 et
649 2736 748 2789 Rutulo
760 2735 903 2798 dotabere,
913 2735 997 2805 virgo.
1006 2761 1019 2781 ι

94 2809 201 2864 flamma
230 2811 305 2878 lucos
331 2811 437 2866 edolere
459 2812 599 2866 Sabaon·
684 2816 870 2870 512.Eaetema
879 2829 1027 2874 nomenatus,
1038 2811 1162 2866 etc.Alie·

93 2888 178 2942 lidem
192 2890 252 2944 oleu
271 2891 475 2963 inungebantur,
491 2904 518 2946 et
528 2891 605 2944 lanea
648 2892 677 2947 ni
689 2893 765 2964 regni
778 2890 951 2946 hereditatem
964 2903 1158 2957 eomecutne‚e

91 2968 153 3021 vitta
168 2969 405 3023 circumdabantur·
420 2970 492 3040 apud
511 2973 606 3024 liuma-
648 2989 731 3043 reguo
743 2971 852 3042 proprio
864 2967 962 3040 puleue

91 3065 152 3112 noa,
165 3059 233 3102 teate
244 3050 277 3103 D.
290 3048 410 3110 Isidoro,
420 3050 494 3122 Orig.
505 3051 605 3118 liblll,
684 3050 744 3104 513.
754 3054 794 3100 Ne
803 3069 828 3116 q.
837 3068 852 3099 e
852 3049 929 3117 sani,
935 3059 985 3100 etc.
994 3047 1031 3099 Ut
1039 3047 1159 3120 OEdipua

91 3145 149 3199 cap.
164 3128 217 3182 ult.
558 3193 560 3198 Ι
647 3137 733 3203 pater,
751 3128 883 3182 exsulavit
901 3139 927 3180 et
945 3126 1085 3202 Polynices
1105 3128 1161 3181 aine

126 3206 191 3278 507.
203 3211 310 3259 Neesua
323 3211 490 3277 tumme,
502 3219 552 3262 etc.
562 3209 604 3262 Ad
648 3207 849 3281 culpa‚oraculo
857 3223 965 3260 uxorem
972 3207 1080 3278 aceepit,
1086 3209 1160 3262 triete

91 3285 147 3340 bne
160 3286 329 3342 Farnabiue:
345 3313 358 3334 ι
369 3287 471 3360 Sponte
486 3288 605 3360 primum
649 3291 836 3360 funestumque
842 3287 995 3359 eonjugium
1003 3300 1102 3341 temere
1113 3287 1162 3340 ini·

90 3364 125 3418 ad
144 3364 235 3418 mariti
247 3365 328 3418 limen
341 3366 448 3419 reniena
463 3379 551 3438 postea
566 3366 605 3420 la·
649 3369 704 3436 vit,
715 3365 788 3441 quod
807 3382 882 3419 arma
902 3366 1055 3436 bellumque
1072 3365 1160 3422 dotale

90 3443 147 3496 neie
172 3443 245 3498 vittis
267 3445 398 3508 ornabat,
417 3463 517 3517 eoaque
530 3444 607 3517 adipe
649 3459 740 3502 aeeuta
752 3458 826 3509 eunt,
837 3457 867 3497 ut
877 3455 1000 3518 paternae
1009 3445 1115 3517 nuptiae
1125 3462 1162 3500 ee·

87 3523 171 3576 unitio
192 3523 321 3596 ungebat,
340 3522 412 3578 uude
429 3543 512 3576 mor
527 3523 606 3580 dieta.
650 3539 710 3581 enta
723 3526 809 3579 luerat
819 3524 907 3597 pettit.

88 3603 218 3658 Pronuba
230 3617 317 3657 antem
330 3605 517 3676 utplurimum
528 3623 607 3677 epon-
687 3607 747 3662 515.
756 3609 857 3656 Errasse
865 3605 987 3656 delanti.
999 3602 1032 3655 In
1038 3602 1160 3674 eligenda

88 3699 125 3737 ta
140 3693 226 3736 mater
240 3679 380 3756 ademptae
391 3695 513 3757 nuptura
525 3685 607 3757 virgi·
651 3703 734 3740 uxore
746 3681 882 3736 erravitne.
891 3683 993 3753 Nempe
1004 3699 1110 3735 uxorem
1120 3691 1176 3736 ex-'

88 3763 163 3816 ualea
178 3761 257 3816 vittae
275 3763 377 3816 lacibus
389 3762 503 3816 urendae
515 3763 607 3837 impli-
651 3762 1163 3835 terniboetiliaquesanquiniel’olyuicee

87 3843 157 3907 cuit,
169 3859 350 3914 sponsamque
358 3843 543 3898 matronalibua
552 3845 606 3898 vit·
651 3844 734 3898 duxit.
742 3873 778 3884 -
788 3849 848 3893 Post
856 3845 955 3900 maltos,
964 3853 1013 3894 etc.
1022 3839 1105 3904 Nate,
1115 3845 1162 3916 qui

88 3921 123 3974 tie
135 3921 307 3976 redimibat.-
652 3922 717 3976 tnibi
729 3932 789 3994 poet
802 3920 902 3973 multoe
914 3919 971 3973 diee
983 3919 1091 3974 tandem
1103 3922 1162 3975 red·

126 4003 193 4056 ⁵08.
204 4007 291 4064 Dona,
301 4014 350 4055 ete.
360 4002 420 4055 Nou
430 4019 605 4073 panemve,
648 4002 736 4067 deria,
748 4019 826 4074 quem
838 4000 903 4054 mibi
916 4001 1026 4054 remittit
1040 4000 1162 4056 redonat-

88 4081 173 4132 urbee
186 4099 259 4134 socer
268 4099 317 4153 pru
326 4081 439 4152 nuptiali
449 4079 511 4135 dote
521 4079 603 4135 dedit.
649 4099 702 4154 qne
713 4078 827 4133 fortuna.
