3118 5138
358 495 436 589 xcvj
626 495 868 564 HISTORICA
894 497 950 563 ET
975 495 1156 564 CRITICA

404 617 517 698 Quum
536 613 724 681 ioecunditas
742 617 955 704 ubertasque,
977 637 1056 704 quas
1073 616 1168 680 enixe
1189 616 1348 704 expromit
1364 617 1425 680 Se·

360 745 456 804 neca,
476 744 551 787 cum
563 719 684 801 judicio
701 745 769 786 non
787 723 852 786 sint
867 722 1064 802 conjunctu,
1080 722 1172 802 cujus
1187 743 1223 786 ea
1238 722 1289 785 lex
1302 738 1367 804 est,
1384 739 1426 785 ut

361 829 528 917 agentium
548 828 673 892 animos
691 829 892 916 affectusque
908 827 968 892 sibi
987 843 1082 916 poeta
1100 843 1258 910 assumat,
1283 851 1350 892 non
1374 844 1426 892 est

361 933 591 1017 mirandum,si
607 933 784 998 sublimitas
802 934 870 1014 ejus
888 935 922 997 iu
938 949 1119 1018 tumorem,
1135 933 1226 1021 copia
1244 932 1373 998 dicendi
1388 934 1423 996 in

360 1041 522 1106 licentiam
540 1039 641 1104 abeat.
667 1038 847 1104 Fatendum
869 1055 977 1104 tamen
996 1054 1062 1121 est,
1084 1055 1151 1103 tam
1174 1039 1276 1107 muita
1296 1040 1330 1103 in
1356 1056 1427 1103 arte

360 1146 522 1213 rhetorica
535 1145 710 1234 experienti
725 1161 758 1209 et
773 1144 900 1211 assidue
916 1145 958 1210 ad
972 1167 1056 1209 nova
1070 1161 1102 1209 et
1117 1143 1283 1232 splendida
1297 1167 1427 1213 summa

361 1254 392 1317 ri
409 1252 525 1317 nitenti
541 1251 698 1340 speciosas
711 1252 876 1317 interdum
888 1273 1077 1316 succurrere
1088 1251 1258 1341 imagines,
1270 1249 1428 1340 grandes-

362 1381 427 1448 que
457 1358 633 1424 sententias
657 1373 690 1422 et
716 1358 903 1423 felicissimae
922 1357 1085 1430 brevitatis
1109 1358 1217 1423 verba.
1246 1357 1310 1422 Sed
1339 1359 1428 1421 bona

363 1464 512 1551 malaque
534 1463 578 1526 ita
598 1463 791 1550 plerumque
816 1463 1010 1543 miscentur,
1033 1478 1071 1525 ut
1094 1460 1223 1526 difficile
1248 1461 1427 1528 admodum

363 1568 501 1657 separari
520 1582 656 1656 queant,
679 1583 712 1631 et
731 1567 818 1632 bona
837 1567 937 1632 modo
961 1568 1051 1632 malis
1071 1567 1304 1651 obscurentur,
1326 1568 1429 1632 modo

363 1674 445 1738 mala
459 1697 478 1738 a
493 1675 656 1739 bonorum
675 1675 825 1739 societate
841 1675 957 1740 falsum
973 1690 1006 1738 et
1021 1675 1219 1740 immeritum
1235 1691 1430 1741 mutuentur

366 1778 474 1848 decus.

407 1890 511 1958 Acuta
528 1886 678 1974 quidem,
694 1903 732 1952 ut
748 1890 896 1978 exemplo
911 1905 995 1971 utar,
1012 1904 1045 1954 et
1060 1889 1225 1977 inopinata
1241 1889 1309 1960 baec
1323 1889 1429 1956 iuno·

307 1975 310 1981 ¹
366 1993 417 2064 nis·
428 1992 525 2058 verba
537 1993 650 2057 victori
664 1994 796 2058 Herculi
810 1996 996 2061 irascentis:

648 2123 762 2196 Superat
776 2135 802 2178 et
814 2125 910 2180 erescit
924 2127 1015 2188 malis,

507 2213 605 2283 iraque
615 2224 706 2266 nosue
716 2211 831 2267 fruitur:
852 2215 881 2267 in
898 2213 988 2270 laudes
1002 2233 1063 2270 sues

507 2297 566 2351 Mes
581 2299 660 2353 vertit
672 2298 749 2352 odis:
761 2299 826 2354 dum
839 2301 920 2354 nimie
932 2319 999 2356 eura
1015 2303 1132 2375 impero,

511 2385 615 2441 Patrem
629 2389 755 2458 proberi:
767 2389 858 2462 gloriae
872 2389 923 2444 leci
933 2391 1032 2446 iocum.

367 2503 413 2572 Ea
437 2502 565 2590 placent
590 2503 763 2586 hactenus,
786 2505 862 2569 iicet
881 2505 946 2586 jam
970 2505 1129 2574 curiosius
1152 2527 1257 2570 unum
1284 2521 1317 2570 et
1342 2505 1434 2570 idem

367 2608 588 2689 retractantis,
612 2607 669 2673 sed
689 2609 755 2690 boc
775 2610 884 2698 ipsum
905 2626 975 2675 toto
997 2613 1064 2676 fere
1084 2612 1222 2701 prologo
1238 2627 1435 2692 recantatur,

370 2713 461 2800 quasi
474 2728 602 2801 gratum
615 2715 736 2779 iunoni
752 2715 836 2779 foret
849 2716 975 2780 hostem
992 2739 1052 2806 pro
1068 2717 1226 2800 maximo,
1242 2739 1303 2805 pro
1318 2732 1436 2805 poten-

368 2818 512 2900 tissimo,
528 2841 588 2906 pro
604 2819 811 2909 insuperabili
829 2820 961 2886 laudari.

414 2923 602 3014 Fulgentius
624 2941 732 2990 autem
756 2927 791 2990 in
813 2927 934 2992 Nostro
957 2928 1087 2994 elucent
1110 2929 1219 2994 brevia
1234 2927 1382 3018 qtraedatn
1402 2946 1437 3002 et

523 3108 635 3155 Deiorme
646 3107 701 3154 solie
714 3107 816 3170 adspicis
831 3109 919 3156 eunus
935 3125 1029 3158 oenum

524 3187 563 3234 sie
575 3196 654 3232 noem
669 3187 767 3248 longum
780 3186 854 3234 forms
869 3203 1013 3249 praecurrens
1025 3189 1076 3244 iter,

522 3259 638 3323 Deperdit
648 3259 738 3323 aliquid
748 3277 840 3323 semper
855 3273 879 3310 et
895 3261 969 3326 fuiget
982 3267 1071 3321 mnus,

522 3343 571 3389 lieo
580 3341 620 3388 illa
629 3341 709 3389 Venus
717 3352 761 3389 est.
772 3342 892 3404 Quidquid
901 3343 926 3389 iu
937 3343 1006 3392 nobis
1015 3345 1059 3393 tuit

525 3420 587 3466 Olim
598 3418 712 3482 petitum,
723 3421 808 3468 ceeidit
817 3431 840 3468 et
848 3432 918 3483 partu
928 3423 1002 3478 laben

525 3497 649 3558 Materque
659 3497 758 3544 muitum
771 3502 849 3559 rapuit
863 3514 892 3544 cx
902 3499 944 3545 ilio
958 3499 1022 3548 milri.

526 3577 595 3622 saus
611 3577 683 3623 citato
698 3577 776 3624 senior
787 3577 873 3638 eripuit
884 3578 967 3639 gradu.

524 3655 612 3710 Vides,
628 3667 654 3702 ut
666 3657 737 3702 sitam
749 3655 835 3702 lamule
851 3672 899 3703 auo
912 3657 996 3718 perdet
1007 3659 1096 3706 decus?

527 3735 622 3782 Cesscre
633 3737 710 3782 cuitus
721 3736 826 3796 penitus,
836 3745 860 3782 et
874 3736 954 3798 pedor
971 3738 1042 3790 sedet

530 3815 618 3860 Temen
634 3830 677 3876 per
692 3815 753 3876 ipsas
766 3814 841 3876 fulget
850 3832 962 3861 erumnae
972 3817 1052 3870 decor,

532 3893 641 3954 Nihilque
656 3894 686 3939 sb
698 3895 738 3940 ille
754 3910 820 3940 casus
833 3905 857 3940 et
872 3895 943 3940 latum
954 3910 1023 3956 greve

531 3974 580 4018 Nisi
596 3986 667 4032 regua
685 3971 763 4018 traxit.
777 3972 822 4018 ilic
837 3988 915 4023 meum
924 3984 1005 4034 pertus
1014 3974 1091 4028 timor,

528 4049 615 4104 aluiz,
630 4035 727 4096 lacessit.
