3090 5142
416 557 486 602 xxx
554 535 660 604 DAN.
682 535 850 604 HEINSll
876 535 937 602 DE
960 536 1035 604 HIS
1059 537 1330 605 TRAGOEDHS

413 653 677 720 declamatorium
700 654 808 720 habet.
834 655 916 737 Quae
940 677 989 720 res
1012 655 1056 720 ita
1079 656 1172 744 plana
1197 671 1264 737 est,
1290 673 1327 721 ut
1353 658 1379 720 si
1397 659 1485 720 nihil

412 775 529 850 praeter
551 760 721 849 prologum
736 759 859 826 Medeae
876 775 933 824 aut
947 759 1115 824 Troadum
1129 777 1162 825 et
1179 762 1326 825 Herculis
1340 765 1485 825 furentis

412 883 566 947 exstaret,
577 887 646 930 non
659 867 756 930 unius
772 887 842 930 esse
857 867 997 930 auctoris
1008 865 1183 946 judicaturi
1197 867 1363 932 fuerimus.
1376 867 1485 932 Marci

413 993 495 1058 saepe
520 972 634 1036 breves
659 991 696 1036 ac
713 969 982 1036 concisas'rideas
1004 970 1178 1059 periodos:
1195 971 1295 1060 idque
1319 973 1484 1038 acuminis

411 1099 514 1140 causa.
540 1075 630 1139 Lucii
657 1075 823 1163 pauciores
847 1085 997 1145 ἀναπαύσεις
1022 1075 1162 1156 habent,
1195 1091 1228 1139 et
1254 1077 1483 1164 antiquitatem

413 1181 513 1269 magis
534 1181 674 1268 sapiunt.
692 1181 794 1246 Aiunt
808 1180 915 1242 virum
937 1201 1116 1267 numquam
1133 1181 1208 1244 satis
1226 1180 1394 1246 laudatum
1418 1183 1484 1246 so-

414 1286 583 1372 phoclem,
601 1307 704 1374 quum
718 1287 913 1374 Antigonam
924 1307 1015 1348 suam
1027 1287 1165 1374 legeret,
1178 1301 1212 1350 et
1224 1309 1299 1350 cum
1311 1287 1407 1376 longa
1424 1309 1484 1376 pe-

414 1389 508 1456 riodo
523 1392 640 1480 spiritu
656 1406 811 1456 contento
827 1392 914 1480 paria
933 1391 1070 1473 fecisset,
1086 1391 1195 1455 subito
1212 1391 1396 1480 exspirasse.
1406 1394 1484 1456 Hoc

413 1499 446 1568 in
468 1496 634 1562 Thebaide
658 1498 688 1561 ei
712 1518 890 1583 numquam
908 1495 1085 1576 evenisset,
1107 1497 1182 1583 quia
1197 1497 1390 1584 plerumque
1409 1521 1482 1560 non

412 1619 512 1683 eunt,
530 1602 587 1666 sed
601 1602 732 1666 cadunt.
745 1599 889 1690 Ideoque
909 1617 941 1665 et
958 1601 1101 1664 numeris
1118 1616 1256 1682 nocent,
1271 1617 1303 1664 et
1316 1601 1482 1690 tragoediae

412 1707 609 1788 majestatem
631 1729 697 1772 non
723 1708 831 1770 minus
857 1721 1029 1788 enervant,
1048 1727 1145 1794 quam
1166 1707 1289 1771 Lucani
1311 1709 1483 1772 sententiae

411 1813 556 1878 heroicas
577 1815 661 1903 leges
677 1828 711 1877 et
725 1813 935 1901 Virgilianam
953 1813 1151 1903 gravitatem.
1173 1812 1299 1902 Magnae
1315 1815 1402 1877 enim
1427 1837 1483 1878 res

410 1941 503 2008 pares
520 1919 671 2007 periodos
695 1916 895 1999 desiderant,
924 1935 962 1982 ut
986 1933 1072 1981 recte
1093 1919 1288 1982 Demetrius.
1311 1920 1350 1981 ln
1376 1921 1482 1984 Lucio

411 2045 479 2088 non
493 2047 566 2088 raro
582 2041 650 2088 tota
667 2024 772 2098 oratio
789 2025 939 2089 instruit:
959 2025 992 2086 in
1009 2023 1120 2088 Marco
1140 2025 1255 2112 saepius
1268 2047 1395 2113 gnomo
1408 2041 1483 2088 tan-

415 2145 485 2198 tum
498 2129 696 2196 inseruntur.
709 2130 835 2194 Choros
852 2131 987 2218 excipio.
1007 2129 1089 2200 Nam
1103 2130 1206 2218 qualis
1217 2129 1270 2193 ille
1281 2129 1314 2192 in
1328 2130 1482 2218 Thyeste,

419 2235 560 2298 Tandem
581 2238 670 2322 regia
690 2235 820 2316 nobilis,
838 2253 872 2300 et
888 2237 941 2299 alii
960 2235 1134 2300 nonnulli?
1153 2233 1235 2298 Vide
1250 2236 1393 2300 Hecubae
1408 2259 1484 2300 ora·

413 2341 537 2404 tionem
553 2341 588 2404 in
610 2339 768 2428 principio
784 2339 974 2405 Troadum:
993 2358 1027 2405 et
1041 2341 1186 2406 Nutricis
1206 2339 1247 2404 de
1266 2362 1376 2404 amore
1396 2364 1483 2436 prar-

413 2445 540 2510 olaram.
556 2447 625 2510 lam
636 2445 783 2510 locorum
796 2446 898 2532 major
911 2446 1055 2534 supellex
1066 2447 1098 2510 in
1114 2445 1234 2510 Lucio:
1250 2468 1322 2532 quae
1335 2467 1386 2510 res
1398 2446 1484 2509 mire

411 2551 637 2638 antiquitatem
655 2551 746 2638 sapit.
763 2551 849 2614 Talis
864 2567 912 2614 cst
923 2549 1164 2615 commendatio
1178 2551 1251 2614 vitae
1265 2551 1402 2638 agrestis
1417 2551 1484 2614 sub

413 2679 551 2744 persona
574 2655 767 2743 Hippolyti:
788 2678 925 2746 quaeque
950 2679 1010 2744 pro
1033 2657 1198 2745 voluptate
1222 2657 1320 2734 item,
1346 2673 1379 2719 et
1402 2679 1485 2720 con·

412 2759 570 2829 servando
586 2783 704 2849 genere
718 2760 864 2824 humano
880 2763 1114 2850 propagatione
1135 2761 1292 2843 Veneris,
1307 2785 1326 2825 a
1344 2763 1485 2826 Nutrice

415 2865 578 2930 dicuntur.
593 2864 685 2935 Idem
699 2866 733 2928 in
746 2865 963 2955 exprimendis
980 2867 1191 2954 antiquorum
1203 2866 1393 2949 virtutibus,
1411 2891 1483 2930 non

414 2971 522 3042 minus
537 2970 661 3034 felicior
674 2992 772 3056 quam
787 2969 981 3059 diligentior.
992 2971 1037 3044 Ut
1051 2993 1155 3061 quum
1169 2972 1203 3034 in
1218 2969 1401 3036 Troadibus
1414 2973 1485 3036 He·

414 3093 537 3140 ctorem
561 3099 578 3140 e
603 3075 747 3139 secundo
773 3073 930 3142 AEneidos
952 3072 1152 3164 desumpsit,
1179 3077 1212 3139 in
1235 3073 1485 3140 Andromaches

414 3182 551 3245 somnio.
564 3181 606 3244 Et
619 3179 774 3244 nonnulla
789 3203 827 3248 ex
837 3178 954 3244 ovidio
964 3181 997 3243 in
1012 3180 1199 3269 Hippolyto.
1218 3182 1299 3264 Quae
1310 3197 1389 3245 sunt
1400 3183 1486 3246 mire

414 3285 538 3353 florida.
554 3287 648 3350 Certe
665 3308 736 3373 qum
750 3309 768 3358 a
781 3284 915 3349 Phaedra
926 3284 1091 3368 dicuntur,
1106 3309 1209 3375 quum
1225 3309 1369 3350 amorem
1383 3311 1484 3354 suurn

417 3392 593 3481 Hippolyto
606 3392 733 3474 fatetur,
748 3413 846 3454 nemo
861 3407 977 3480 practer
988 3415 1093 3456 unum
1107 3391 1260 3456 Ovidium
1279 3391 1420 3458 dixisset.
1433 3397 1485 3462 Ita

415 3497 584 3585 dupliciter
600 3494 640 3559 dc
654 3496 748 3559 nobis
762 3511 810 3559 est
821 3497 954 3562 meritus
970 3520 978 3560 :
994 3513 1115 3564 namet
1131 3497 1216 3584 frugi
1230 3498 1411 3564 orationem
1427 3501 1485 3565 de·

413 3601 477 3682 dit,
493 3615 526 3664 et
543 3585 609 3687 quo
626 3617 720 3688 pacto
733 3599 950 3688 exprimendae
965 3617 1112 3664 veterum
1124 3600 1261 3666 virtutes
1274 3619 1400 3687 essent,
1420 3629 1484 3671 nos

414 3706 536 3771 docuit.
555 3705 717 3770 Neutrum
732 3727 751 3768 a
765 3704 1035 3772 declamatoribus
1059 3721 1242 3794 exspectes,
1259 3708 1316 3794 qui
1336 3712 1486 3775 contenti

415 3837 475 3878 suo
491 3813 639 3879 acumine
651 3863 659 3895 ,
672 3835 732 3876 nco
741 3812 868 3882 solliciti
879 3829 916 3880 ut
932 3835 1022 3900 oeque
1031 3812 1117 3876 bene
1129 3810 1256 3891 dicant,
1268 3815 1345 3879 satis
1358 3817 1487 3882 habent

415 3921 505 3984 aliter
522 3918 650 3984 dixisse.
676 3919 714 3981 In
734 3915 896 3984 narrando
911 3933 1036 4000 autem,
1056 3919 1114 3982 ubi
1136 3919 1274 3982 maxime
1288 3933 1332 3992 τῆς
1354 3933 1486 4002 tepentia

415 4028 462 4089 vis
480 4027 604 4105 clucet,
628 4023 679 4088 vel
701 4023 889 4111 Euripidem
910 4039 1076 4111 provocat.
1095 4025 1185 4088 Sicut
1208 4025 1242 4088 in
1265 4027 1485 4113 pulcherrima

413 4132 492 4213 ista,
510 4153 580 4218 quar
594 4145 642 4194 est
655 4127 696 4192 de
708 4127 875 4216 Hippolyti
890 4145 1002 4193 morte.
1019 4129 1134 4216 Neque
1148 4129 1233 4192 enirn
1245 4131 1331 4195 cedit
1341 4130 1487 4196 candore
