3172 5138
444 491 949 561 ANIMADVERSIONES.
1153 489 1225 560 335

165 627 243 702 quod
260 639 346 699 pateus
365 637 432 676 custo
452 642 522 694 specu
543 641 597 674 non
619 621 728 673 sinceras
743 619 879 672 latinitatis
898 619 1026 672 estimet:
1036 622 1120 687 jacens
1136 623 1226 674 saltem
1294 615 1301 632 ’

166 709 270 780 requiri
285 702 498 768 arbitraturum
512 703 643 773 vulgatam
660 701 784 752 omnibus
797 699 955 768 conjecturis
968 698 1176 768 anteponendum
1187 704 1230 771 ju·

164 787 255 852 dicet,
272 800 304 839 ut
317 802 393 838 sensu
407 795 433 837 et
447 783 535 834 verbis
551 781 720 852 aptissimam.
735 779 799 832 Eam
813 791 905 830 contre
923 803 933 824 ι
951 777 1066 848 ineptum
1082 797 1130 832 nec
1144 781 1229 834 colite.

164 881 268 920 rentem
283 891 295 913 ι
307 863 463 936 pronuntiat
487 861 607 932 Scaliger.
629 859 788 912 Gronovius·
805 875 911 929 quoque
932 857 1062 928 vulgatam
1081 877 1141 912 curn
1162 879 1230 932 pre·

164 947 260 1020 gressis
275 963 330 998 non
343 959 488 996 consonare
503 939 667 993 demonstrat
679 955 685 990 ε
696 939 782 1004 ·Quae
795 937 883 1002 enirn,
898 937 998 1008 inquit,
1011 938 1066 991 herc
1081 940 1227 993 connexio?

165 1024 306 1096 Numquid
329 1023 435 1094 Sisyphi
455 1021 522 1091 lnpis
542 1031 580 1073 est
600 1019 666 1072 mihi
687 1016 852 1072 solvendus?
867 1029 925 1072 rota
946 1017 1066 1069 Ixionis?
1088 1031 1135 1071 sut
1157 1022 1229 1090 jecur

165 1123 271 1176 semper
281 1119 429 1157 accroeceus
439 1099 511 1171 Tityi
519 1115 596 1174 „quse
609 1117 685 1170 poeur
699 1099 769 1150 illius
781 1109 832 1160 est,
843 1097 926 1168 pascit
937 1098 1072 1149 rultureru
1087 1111 1113 1150 et
1127 1113 1230 1170 reparat

164 1199 260 1250 nocte,
271 1181 344 1255 quod
356 1181 401 1234 die
412 1177 545 1253 perdidit,
556 1191 582 1232 et
595 1179 694 1231 suflicit
707 1180 802 1230 iterum
816 1175 966 1229 morsibus?
975 1176 1042 1241 Quis
1055 1189 1160 1231 tuntum
1174 1199 1228 1232 non

165 1284 234 1336 puer
248 1282 303 1316 non
319 1261 407 1314 videat
421 1262 489 1313 hunc
503 1261 651 1312 orationem
666 1277 720 1311 esse
734 1255 856 1310 stolidam
867 1295 874 1320 ‚
887 1257 1021 1327 ineptam,
1037 1258 1106 1310 male
1121 1258 1171 1311 sibi
1186 1277 1228 1312 ro·

166 1341 364 1415 spondentem?
375 1339 426 1394 Cui
442 1357 497 1392 non
511 1349 648 1392 succurrat
660 1337 733 1408 sequi
750 1333 850 1406 aliquid
864 1335 977 1399 debere,
991 1353 1045 1404 quo
1058 1355 1115 1392 non
1129 1339 1229 1410 simpli-

165 1425 233 1477 citer
244 1433 373 1481 narretur,
388 1418 453 1492 quid
467 1419 513 1471 list
524 1417 623 1489 Tityo,
634 1415 680 1470 sed
693 1415 849 1469 ostendatur
858 1412 980 1468 dubitare
991 1416 1077 1486 ipsum
1089 1418 1228 1472 Tantalum

166 1521 199 1555 un
216 1503 266 1554 sihi
280 1499 371 1554 endem
385 1515 462 1570 poena
477 1497 634 1550 immineat?
647 1521 658 1543 ι
672 1495 834 1549 Adversetnr
849 1493 1019 1548 Schmderus
1032 1496 1185 1558 Grouorio,
1203 1513 1228 1551 et

166 1583 220 1634 hoc
235 1581 288 1635 sibi
303 1581 390 1633 favere
404 1589 496 1650 putet,
509 1593 607 1647 nempe
622 1574 696 1647 quod
711 1576 739 1627 iu
754 1575 870 1628 Ascensii
886 1572 1003 1627 editione
1020 1575 1121 1646 legetur
1132 1593 1228 1647 puscet,

167 1678 223 1733 quo
241 1657 355 1713 sdmisso
379 1657 492 1728 intelligi
513 1669 602 1727 potest
624 1673 755 1708 0000000000
770 1659 860 1725 jesum·
878 1655 1042 1725 ceteroquin
1068 1669 1138 1707 crustu
1162 1677 1231 1728 specu

163 1754 250 1812 petens
264 1737 417 1810 languidum
434 1738 575 1791 existimet.
584 1736 693 1807 Optime
707 1753 771 1788 reru
786 1733 931 1804 respondet
942 1731 1100 1788 Schroedero
1115 1737 1230 1790 Botheus

169 1833 294 1892 oportere
315 1818 446 1870 scribatur
468 1835 522 1868 non
544 1816 628 1868 solum
645 1827 745 1886 puscet,
766 1812 812 1866 sed
832 1814 911 1868 etiarn
924 1813 1043 1883 jacebit„
1063 1827 1089 1866 et
1109 1829 1169 1887 epte
1185 1835 1230 1870 eos

167 1900 287 1952 confutat
302 1899 349 1970 qui
364 1895 502 1951 credidere
517 1913 623 1965 presens
643 1907 731 1965 tenptu
746 1894 798 1946 hoc
814 1895 873 1946 loco
888 1892 1056 1959 stlltibitum,
1071 1907 1101 1946 nt
1114 1897 1231 1949 velocior

167 1981 244 2032 lieret
260 1977 354 2031 oratio.
375 1973 594 2030 Animadvertere
615 1991 721 2046 quoque
737 1973 880 2046 potuisset,
893 1971 954 2026 ideo
970 1974 1158 2028 tantummodo
1174 1977 1230 2029 lau·

168 2057 278 2130 gnidum
292 2077 361 2128 specu
375 2067 447 2108 uasto
458 2069 544 2124 patens
560 2053 719 2108 Schroedero
732 2052 832 2116 videri,
843 2051 916 2124 quod
929 2071 958 2106 ea
974 2072 1055 2124 prave
1071 2055 1229 2128 iuterpreta-

168 2151 221 2190 tun
236 2136 301 2190 vid.
315 2153 373 2209 qne
386 2147 476 2188 notsv.
492 2153 519 2206 p.
539 2141 603 2197 001.

212 2236 254 2271 to.
268 2216 411 2268 Visceribus.
424 2215 525 2268 Omnes
535 2214 612 2267 MSS.
627 2213 712 2266 nostri
723 2231 783 2266 cum
793 2225 858 2264 vett.
868 2211 929 2264 edd.
942 2212 1019 2264 Fern.
1030 2211 1130 2266 lsoard.
1143 2213 1228 2284 AEgid.

168 2297 235 2350 Phil.
252 2299 356 2351 Arcens.
373 2295 517 2348 uulneribus.
538 2294 660 2346 lntulisse
678 2291 785 2346 videtur
801 2292 929 2344 uisceribus
942 2291 1082 2348 Aventius,
1097 2311 1175 2364 quern
1192 2313 1231 2346 se·

169 2377 225 2430 006
242 2388 304 2428 snut
315 2376 394 2428 Vian.
410 2374 522 2445 Gryph„
532 2373 605 2427 Petr.
620 2373 722 2425 Fabric.
737 2373 810 2424 Delr.
826 2372 906 2424 Grnt.
919 2371 1008 2424 Heius.
1023 2385 1049 2424 et
1061 2373 1229 2426 recentiores.

167 2489 207 2498 -
217 2455 329 2523 Effossu.
343 2454 426 2507 Paris.
442 2456 532 2517 8006,
545 2453 637 2520 effusis.

213 2555 258 2589 ta.
274 2533 393 2588 Pabulum
414 2546 525 2588 monstro.
544 2531 837 2602 Portunamnetu
857 2544 992 2583 monstrum.

212 2622 257 2680 14.
270 2615 393 2687 Supplicia
403 2616 503 2680 functis.
515 2614 598 2666 Ptris.
613 2613 704 2676 8060,
718 2611 840 2681 suppliciis
846 2613 947 2678 functis.

212 2696 256 2749 15.
268 2695 339 2748 Audi
355 2697 377 2746 ri
394 2693 453 2768 quid
468 2693 503 2745 nd
517 2711 601 2763 poeuus
617 2701 704 2763 potest.
719 2689 795 2744 MSS.
814 2702 840 2742 et
858 2703 921 2743 vett.
938 2688 999 2743 edd.
1016 2690 1078 2742 udde
1091 2695 1113 2740 si
1128 2691 1234 2762 00160ιί

166 2795 249 2844 partas
258 2787 343 2846 putes,
356 2773 408 2826 nisi
423 2771 497 2844 qnod
512 2773 590 2824 Foru.
604 2770 691 2841 AEgid.
703 2782 729 2822 et
742 2769 818 2823 MSS.
831 2770 970 2832 nonnulli,
982 2769 1052 2822 inter
1067 2787 1133 2840 0000
1148 2771 1230 2823 Paris.

171 2855 262 2920 8005,
283 2855 382 2907 hubent
403 2855 438 2904 nd
454 2869 556 2922 punam.
577 2853 609 2903 ln
633 2851 760 2910 Etrusco,
776 2845 852 2910 adde,
874 2853 895 2900 si
914 2849 974 2920 quid
991 2850 1026 2902 ud
1042 2867 1126 2919 portur
1137 2861 1230 2919 potest,

167 2933 242 3005 0006
257 2935 400 2987 intextum
416 2930 522 2985 admisit
538 2928 602 2983 nan.
619 2928 672 2983 Sed
688 2930 792 2981 insolita
810 2926 916 2981 videtur
935 2926 1034 2992 dictio,
1048 2929 1168 2998 qustnvis
1187 2930 1232 2981 ille

169 3013 273 3079 Plauti,
284 3013 404 3067 Terentii
417 3024 445 3064 et
457 3011 593 3064 Ciceronis
606 3011 725 3080 exempla
741 3009 843 3061 alferat.
856 3008 953 3061 Melius
966 3008 1044 3060 Both.
1059 3008 1129 3060 Addt
1138 3015 1162 3058 n'
1175 3010 1234 3079 quid

170 3093 206 3144 ad
213 3111 297 3164 ptem
307 3104 405 3164 potest,
419 3089 491 3163 quod
508 3089 663 3144 Gronovius
678 3105 785 3160 000000
797 3089 849 3157 legi
863 3088 975 3141 volebat.

213 3177 259 3224 16.
273 3173 334 3243 Ipse.
349 3173 382 3224 ln
394 3169 494 3224 Isosrd.
508 3174 561 3222 iste.

214 3254 259 3306 18.
279 3253 375 3322 (lutere.
394 3253 491 3304 Decem
512 3249 605 3302 Pariss.
630 3265 691 3301 cuns
712 3243 775 3299 etld.
800 3248 877 3300 Feru.
898 3244 999 3298 lsosrd.
1025 3242 1112 3315 AEgtd.
1135 3249 1232 3303 Philol.

169 3349 259 3404 quare,
274 3330 320 3384 sed
335 3331 413 3383 nullo
429 3347 515 3382 seusu.

213 3411 388 3481 00.Ρο10000.
407 3410 451 3462 Sic
468 3407 545 3462 MSS.
564 3407 647 3461 nostri
670 3409 757 3470 8006,
777 3410 866 3471 8009,
888 3407 975 3468 8060,
996 3417 1022 3456 et
1041 3403 1103 3457 edit.
1127 3407 1231 3460 Bothei.

169 3490 228 3542 MS.
245 3489 335 3554 803⁵,
349 3489 503 3559 Pelopiu.1n
517 3486 629 3558 vulgatis
642 3484 716 3539 editt.
730 3486 853 3556 Pelopeus.

212 3574 257 3623 06.
269 3568 429 3640 ¹Striuguutur
450 3587 523 3620 erues.
541 3569 645 3620 Etrusc.
665 3569 799 3635 stringatur
818 3567 940 3616 01010.-
951 3561 989 3616 Ne
1009 3569 1048 3616 sit.
1067 3563 1134 3618 Edd.
1153 3553 1239 3619 llern.⁸

169 3648 260 3702 Inard.
271 3652 367 3702 Arent.
379 3647 460 3701 Vien.
474 3647 578 3719 Gryplt.
593 3647 664 3698 Petr.
679 3646 782 3698 Febric.
797 3644 907 3715 Rsphel.
919 3643 1028 3697 Gruter.
1040 3661 1102 3697 cunr
1117 3659 1231 3716 quatuor

169 3727 266 3782 Puriss.
281 3729 332 3782 Nec
347 3733 392 3786 u't.
410 3725 484 3799 quod
498 3739 525 3778 et
539 3725 602 3779 ferri
617 3736 704 3797 quest.
723 3723 762 3778 Ne
774 3729 807 3776 n't
823 3725 852 3776 in
869 3722 974 3776 dnobus
992 3723 1068 3778 MSS.
1083 3725 1230 3790 Delrionis‚

169 3808 291 3880 pluribus
305 3807 436 3862 Commel.
452 3819 478 3859 et
491 3805 625 3876 plerisque
635 3805 741 3858 nostris.

213 3907 258 3956 ²9·
275 3888 327 3940 Nec
348 3899 425 3940 uacet.
442 3885 558 3937 Volebat
576 3885 729 3938 Gronovius
752 3883 831 3937 scribi
856 3899 900 3932 neu
926 3895 1007 3945 uacet,
1034 3883 1124 3936 inutili
1143 3901 1233 3937 ernen-

170 3966 288 4021 datione.

211 4045 259 4100 33.
279 4047 439 4117 Repetuntque
456 4047 580 4115 prnsupus.
599 4045 630 4096 10
651 4041 792 4096 duodecim
806 4041 899 4093 Pcriss.
916 4054 943 4093 et
959 4040 1022 4094 edd.
1038 4041 1116 4096 Fern.
1133 4041 1234 4096 lsoard.

170 4125 261 4195 AEgtd.
277 4126 373 4179 Philnl.
386 4126 468 4180 Scriv.
483 4125 560 4178 Farn.
573 4123 657 4194 Titys.
671 4134 805 4193 repetatque
813 4122 947 4192 ptusugcsr
959 4122 994 4174 its
1003 4134 1034 4174 ut
1048 4122 1085 4174 sic
1097 4121 1233 4176 10000610-

172 4218 310 4276 pungatur
332 4224 338 4258 :
356 4231 367 4254 ι
383 4221 463 4276 regna
488 4203 629 4262 excidant,
651 4206 815 4274 Repetstque
844 4201 975 4272 profugos
1001 4201 1083 4254 dubia
1113 4201 1235 4254 violenta
