3118 5138
332 515 334 522 ’
392 513 502 607 ictnj.
636 515 703 584 nu
734 516 772 582 L.
800 515 986 588 sunno
1017 495 1227 586 sennes

365 683 367 690 ·
393 646 501 712 adhuc
515 669 523 711 :
535 645 602 729 alii,
613 644 703 738 quod
716 644 857 711 necdum
869 648 937 729 ejus
953 648 987 711 in
1006 647 1143 712 Senecas
1156 644 1269 711 odium
1282 645 1459 712 resederat.

392 754 598 841 Utcumque,
620 775 673 816 me
687 774 791 840 puero
807 753 912 819 multo
930 752 964 817 in
978 753 1083 842 pretio
1099 751 1324 834 habebantur,
1341 767 1375 816 et
1391 773 1459 839 quo

393 859 466 947 quis
484 859 593 948 plures
616 879 655 922 ex
671 857 709 921 iis
727 879 838 922 versus
857 859 1019 944 memoriae
1036 856 1238 939 mandasset,
1263 880 1302 923 eo
1320 857 1424 946 magis
1441 878 1459 921 a

391 964 580 1029 doctoribus
598 962 895 1029 commendabatur.
912 963 1026 1029 Sedet
1045 963 1201 1029 Senecam
1219 963 1459 1052 Philosophum

392 1070 505 1159 (quod
526 1087 633 1136 tamen
651 1071 696 1134 illi
715 1093 897 1160 cognomen
916 1093 993 1136 cum
1011 1071 1112 1134 Fabio
1136 1071 1287 1136 nonnulli
1304 1071 1365 1135 ratl
1382 1086 1460 1135 sunt

392 1200 509 1266 parum
526 1173 723 1264 conuenire)
742 1191 891 1264 poemata
906 1175 1083 1266 scripsisse,
1110 1174 1197 1265 apud
1211 1191 1359 1242 auctores
1377 1174 1460 1240 didi·

392 1283 505 1347 cimus.
519 1282 643 1346 Plinius
662 1279 795 1369 quidem
809 1280 920 1361 junior
936 1280 1022 1345 inter
1037 1281 1241 1370 gravissimos
1264 1303 1302 1346 ac
1323 1281 1460 1346 sanctis·

394 1389 493 1454 simos
505 1388 602 1471 viros,
612 1387 670 1476 qui
686 1387 829 1452 carmine
844 1387 1053 1475 scripserunt,
1065 1409 1141 1452 eum
1157 1402 1326 1452 enumerat
1344 1387 1460 1476 [Epist.

393 1517 453 1576 rn,
472 1493 527 1559 lib.
543 1493 597 1582 V].
615 1493 782 1584 Leguntur
798 1493 932 1582 insuper
952 1492 987 1556 in
1008 1493 1159 1582 Epistolis
1176 1493 1369 1582 Philosophi
1388 1479 1461 1558 rer·

393 1621 466 1682 sus,
486 1621 568 1687 quos
582 1599 609 1663 is
625 1621 665 1663 ex
680 1598 836 1663 Cleanthe
851 1599 885 1662 in
903 1598 1040 1663 latinum
1058 1621 1092 1663 se
1110 1599 1243 1664 vertisse
1259 1599 1318 1682 ait,
1335 1621 1376 1662 ex
1392 1599 1463 1687 qui·

331 1753 334 1760 .
395 1703 475 1787 bus,
493 1705 520 1768 si
533 1703 720 1787 conferatis,
740 1703 832 1768 facile
849 1725 1044 1794 cognoscere
1058 1703 1391 1794 possitisss'l'ragicum
1404 1704 1463 1769 Se·

394 1832 508 1875 necam
528 1807 762 1898 aPhilosopho
777 1809 930 1898 pleraque
945 1809 1033 1874 bona
1050 1807 1113 1873 lide
1134 1809 1319 1899 sumpsisse.
1336 1812 1462 1874 Corne·

394 1917 457 1982 lius
475 1931 629 2004 praeterea
643 1915 773 1979 Tacitus
792 1915 955 1996 objectum
975 1917 1020 1980 ait
1038 1916 1186 1999 Senecae,
1207 1914 1299 2004 quod
1320 1915 1464 1990 carmina

278 2101 282 2114 Β
394 2023 553 2088 lectitaret
567 2020 602 2085 in
618 2020 824 2110 Imperatoris
841 2019 1005 2086 invidiam.
1027 2019 1262 2084 Circumfertur
1283 2020 1463 2085 etiamnum

395 2127 437 2193 de
456 2125 550 2192 Ludo
571 2125 698 2212 libellus
724 2125 853 2189 Senecae
878 2126 1028 2208 nomine,
1058 2127 1091 2189 in
1118 2147 1184 2213 quo
1210 2124 1363 2214 pleraque
1387 2141 1463 2190 sunt

396 2233 557 2317 carmina,
573 2253 642 2296 non
658 2231 712 2295 ills
729 2229 862 2318 quidem
885 2253 904 2296 s
924 2231 1026 2295 Musis
1053 2231 1166 2296 aliena.
1188 2231 1297 2313 Quem
1317 2231 1463 2296 libellum

397 2340 462 2406 fuit
478 2361 582 2428 quum
601 2359 662 2426 ego
680 2336 760 2400 falso
775 2335 975 2426 adscriptum
992 2337 1121 2402 Senecae
1136 2338 1296 2425 putarim,
1314 2336 1406 2426 quod
1425 2360 1463 2402 eo

395 2443 527 2509 duriora
542 2439 689 2531 quaedam
705 2441 880 2533 minusque
898 2440 1045 2506 modesta
1054 2440 1221 2526 videbam,
1233 2441 1290 2507 scd
1302 2465 1407 2532 quum
1423 2443 1464 2508 ab

395 2549 529 2616 eruditis
543 2545 737 2638 quibusdam
754 2569 815 2636 pro
835 2547 979 2638 legitimo
1003 2569 1071 2612 non
1093 2547 1205 2613 haberi
1221 2548 1336 2640 modo,
1359 2548 1419 2614 sed
1433 2565 1467 2614 et

395 2658 643 2745 interpretatum
667 2651 865 2720 circumferri
888 2652 1032 2735 videam,
1056 2652 1249 2718 sententiam
1267 2677 1372 2719 meam
1394 2678 1465 2719 am·

396 2763 481 2852 plio,
496 2760 652 2848 tantisper
667 2757 748 2823 dum
762 2757 920 2823 maturius
935 2757 1127 2834 deliberem,
1146 2775 1208 2824 etc.

441 2866 564 2932 Aurelii
588 2865 763 2955 Augustini
780 2865 1008 2930 circumfertur
1026 2866 1158 2941 Ssnncn
1180 2887 1272 2947 vrrs,
1293 2887 1334 2931 ex
1351 2865 1464 2948 variis,

398 2991 436 3040 ut
450 2972 596 3054 videtur,
614 2971 802 3037 auctoribus
818 2987 981 3062 excerpta,
1000 2993 1072 3059 quse
1087 2970 1128 3035 ab
1146 2970 1307 3059 aliquibus
1323 2971 1467 3037 Xichoni

397 3082 557 3146 Poletono
576 3079 664 3163 (aliis
673 3077 870 3164 Poleatinus)
882 3072 1086 3144 adscribitur.

503 3221 605 3292 [Exstat
616 3219 733 3294 ejusdem
749 3220 853 3274 Smece
866 3219 921 3274 rita
931 3219 995 3288 MS,
1011 3231 1119 3274 auctore
1130 3220 1261 3276 Jnnnotio
1271 3221 1401 3276 biennoto
1411 3221 1467 3276 Flo

538 3309 660 3375 sentino,
679 3307 707 3362 in
718 3308 883 3364 bibliotheca
893 3311 931 3364 V.
945 3309 976 3363 C.
990 3309 1066 3375 Pauli
1080 3309 1201 3382 Pelusii]

487 3506 598 3569 lomus
616 3506 727 3578 Casan
744 3505 909 3569 Sosnronn
924 3503 1084 3570 Porrross
1101 3503 1242 3588 nis.V1,
1257 3527 1327 3571 cur.
1346 3508 1379 3572 6.

444 3683 696 3749 Ascendendum
718 3701 767 3748 est
787 3684 830 3750 ad
849 3684 977 3748 tertiam
1000 3701 1148 3768 aetatem,
1176 3707 1248 3774 quae
1266 3701 1341 3775 post
1359 3688 1472 3778 Augu·

400 3806 487 3854 stum
504 3787 546 3853 ad
559 3805 708 3854 externos
721 3810 826 3878 usque
840 3789 1056 3877 imperatores
1068 3788 1209 3856 demissa
1219 3791 1380 3879 (Nervam
1394 3792 1470 3858 dico

400 3911 433 3959 et
457 3892 555 3981 alios)
579 3911 705 3960 certum
731 3917 895 3984 suumque
922 3919 1026 3986 genus
1051 3919 1185 3986 poeseos
1208 3897 1472 3987 comprehendit.

401 4001 515 4082 Quum
524 3999 611 4063 enim
624 4000 894 4089 asuperioribus,
908 4024 1043 4090 unoque
1049 4002 1185 4092 Virgilio
1195 4002 1351 4068 exhausta
1364 4022 1474 4069 essent

400 4121 589 4196 argumenta
605 4107 732 4191 omnia,
756 4107 832 4196 ipsas
846 4105 975 4174 dicendi
994 4108 1099 4197 leges,
1123 4131 1236 4174 omnes
1253 4131 1395 4176 excusse
1415 4133 1473 4175 ve·
