3172 5138
371 489 444 561 316
648 499 687 564 L.
717 500 898 570 ANNAEI
926 504 1142 574 SENECAE

525 627 634 714 Quam
656 631 868 722 quo,refe1t.
888 637 1066 730 Magnum,
1083 661 1122 706 ex
1141 637 1208 708 alto
1246 687 1248 692 -

526 731 678 804 Culmine
695 735 821 830 lapsum
840 739 988 811 stabilem
1007 743 1041 810 in
1060 740 1159 836 plano

525 839 639 931 Figere
660 866 806 934 gressum
827 871 834 912 :
854 871 1029 942 magnum,
1050 850 1173 944 ingenti

522 943 639 1039 Strage
656 948 817 1018 malorum
834 977 983 1046 pressum
1000 953 1094 1022 fracti

523 1049 673 1121 Pondere
690 1058 783 1150 regni
801 1081 869 1125 non
886 1057 1003 1128 inflexa

521 1155 659 1226 Cerviee
676 1163 762 1252 pati,
780 1187 841 1230 nec
859 1163 1054 1258 degenerem

524 1261 724 1357 Vintumque
741 1266 834 1338 malis
852 1285 979 1340 rectum
997 1273 1164 1365 impositas

521 1367 619 1436 Ferre
639 1373 758 1441 ruinas.
776 1375 840 1443 Sed
856 1375 925 1467 jam
944 1378 1021 1446 saevi

521 1473 643 1542 Nubila
664 1475 720 1545 fati
740 1477 845 1571 pelle,
863 1506 903 1550 ae
922 1484 1032 1552 miseri

520 1579 691 1672 Temporis
710 1609 825 1654 omnes
842 1586 969 1658 dimitte
986 1602 1080 1658 notas
1098 1616 1104 1656 :

520 1683 670 1756 Redeant
690 1687 800 1760 vultus
817 1691 858 1762 ad
877 1691 949 1763 laeta
968 1695 1064 1778 boni;

520 1789 674 1860 Veterem
695 1797 863 1866 exanimo
884 1800 977 1868 mitte
991 1800 1165 1894 Thyesten.

519 1896 692 1991 Proprium
711 1900 776 1972 hoc
794 1905 930 1974 miseros
949 1907 1097 1999 sequitur
1113 1908 1249 1992 vitium,

519 2002 696 2096 Nunquam
718 2008 816 2076 rebus
835 2010 970 2079 credere
987 2009 1077 2080 laetis.

519 2107 646 2179 Redeat
667 2109 743 2182 felix
760 2115 903 2184 Fortuna
921 2114 1015 2202 licet,
1381 2153 1417 2199 uo

518 2213 643 2284 Tamen
663 2217 803 2290 afflictos
821 2221 964 2314 gaudere
982 2224 1079 2316 piget.

361 2398 451 2433 nonne
464 2401 589 2454 magnum
606 2388 672 2454 luit,
688 2392 735 2460 qni
748 2393 801 2446 alto
816 2406 867 2446 ete·
951 2395 1016 2464 93¹·
1031 2396 1184 2464 Degenerem.
1200 2398 1285 2450 avire
1297 2399 1338 2451 vel
1354 2417 1413 2470 pro·

362 2472 430 2512 teme
440 2459 565 2527 eulmine,
581 2478 607 2518 te
618 2469 737 2522 stabilem
748 2471 777 2524 in
787 2472 867 2543 plano
911 2474 976 2545 prim
990 2473 1097 2527 virtutis
1110 2475 1232 2528 oblitum.

360 2556 477 2607 gressum
494 2541 590 2613 ligere?
610 2559 637 2600 et
655 2547 773 2618 pondera
792 2553 868 2624 regni
950 2553 1018 2623 933.
1044 2553 1142 2606 Rumor.
1165 2553 1228 2608 vid.
1255 2555 1333 2609 Here.
1361 2558 1411 2610 lor.

361 2635 415 2670 non
435 2620 530 2676 inflexa
548 2627 650 2680 cervioe
671 2629 819 2684 sustinere?
841 2645 868 2686 et
913 2637 983 2698 412,
996 2646 1023 2686 et
1034 2646 1090 2686 not.
1107 2631 1140 2686 ad
1154 2633 1226 2686 hunc
1237 2653 1305 2688 vere.

359 2700 790 2773 rectumimpoeitarruineeserrei
801 2710 868 2764 Pen·
951 2711 1015 2780 934.
1029 2712 1130 2766 Nubila.
1144 2711 1177 2766 Id
1188 2725 1228 2766 eet
1240 2713 1412 2768 tristitiarum

360 2789 399 2830 nat
411 2780 488 2834 eortie
501 2781 617 2838 advenae
626 2789 801 2858 opprobrium
813 2791 867 2844 lor·
910 2789 956 2843 lati
966 2790 1065 2844 neritia
1078 2805 1172 2844 ortam.
1186 2793 1255 2846 Plio.
1270 2795 1312 2858 11,
1326 2797 1343 2848 6
1356 2795 1415 2848 :Sol

361 2855 448 2910 titudo
460 2860 576 2918 serentis.
588 2865 662 2918 Nihil
676 2868 775 2926 hubent
787 2871 868 2941 igitur
909 2871 964 2922 eoelr'
981 2873 1102 2924 tristitiam
1122 2871 1236 2935 dr'seueie,
1256 2885 1327 2945 atque
1345 2878 1412 2926 etiam

360 2939 491 3005 praeterita
500 2943 661 3014 mele,quod
671 2948 720 3002 tibi
727 2967 866 3004 mentorem
909 2949 1006 3002 duuiani
1019 2951 1102 3003 nubila
1115 2955 1191 3004 animi
1203 2964 1306 3005 serenat.
1322 2983 1361 2994 —
1375 2954 1412 3006 Ac

359 3027 404 3068 aut
420 3017 550 3087 pudorem
565 3023 666 3079 alferat.
677 3025 729 3080 Sed
746 3047 775 3081 ea
789 3029 865 3100 ipsa,
909 3032 1000 3092 miseri,
1018 3043 1070 3084 etc.
1089 3031 1187 3084 Animo
1199 3031 1278 3084 simul
1294 3050 1324 3084 ac
1340 3033 1413 3085 vultu

359 3099 479 3165 quamvis
497 3101 545 3154 tibi
564 3101 635 3156 houd
653 3105 783 3176 ingloria,
798 3109 866 3162 obli·
909 3110 998 3162 omitia
1009 3110 1175 3164 miseriarum
1186 3111 1293 3182 vestigia
1304 3111 1411 3182 expelle.

360 3175 458 3230 vincere
469 3197 477 3231 ι
490 3181 548 3236 leta
561 3195 663 3237 tuntum
673 3203 732 3256 quae
742 3187 792 3240 tibi
801 3206 865 3242 oon·
948 3188 1014 3257 935.
1023 3191 1131 3242 Dimitte.
1142 3191 1265 3260 Depone,
1275 3209 1350 3244 exue.
1358 3190 1412 3244 Cio.

360 3254 466 3326 tingunt
478 3259 598 3326 attende,
611 3276 663 3318 ete.
678 3291 689 3312 ι
909 3264 942 3318 ad
955 3268 1035 3320 Attio.
1049 3269 1126 3333 XIV,
1139 3269 1215 3340 epist.
1233 3287 1264 3322 ιι
1283 3288 1290 3322 :
1304 3269 1362 3323 Non
1375 3271 1413 3322 dt·

400 3355 461 3406 9²7·
475 3339 597 3394 Stabilem.
612 3343 747 3409 Firmum,
757 3345 867 3418 intrepi·
908 3348 976 3398 mitto
989 3351 1057 3398 istam
1070 3367 1158 3402 euram.
1172 3349 1232 3402 Vel.
1246 3349 1332 3404 Fleuo.
1344 3350 1411 3415 VH,

358 3411 863 3495 dum.0vid.Triet.V,oleg.14‚v.29:
911 3431 965 3488 edo
981 3443 988 3476 ε
1007 3426 1133 3480 ..Dimitte
1147 3427 1277 3481 timorem.
1292 3454 1303 3475 ι

361 3493 444 3548 dam
462 3498 572 3568 quidem
588 3500 689 3567 virtue,
708 3523 787 3574 quum
809 3523 869 3560 non
948 3505 1161 3574 937.Veterem..
1173 3545 1179 3560 ·
1191 3507 1412 3579 Thyesten-Abjlcfl

359 3570 464 3628 fortuna
473 3579 619 3647 gubernet,
629 3575 696 3646 Que
706 3597 866 3640 manentem·
907 3583 1031 3638 afflictum
1045 3585 1118 3638 illem
1131 3598 1262 3650 mentem,
1276 3600 1307 3639 ut
1320 3605 1413 3640 noram

358 3649 422 3716 bili,
434 3672 518 3725 quum
528 3659 596 3732 sugit
605 3661 664 3728 ille,
675 3661 752 3733 pede.
762 3689 774 3711 ι
786 3665 864 3718 -ln
906 3663 1044 3735 letumque
1063 3663 1165 3718 induas.
1184 3665 1258 3728 [ἱροὶ
1278 3666 1348 3720 enim
1369 3685 1411 3719 ⁸1²³

355 3731 440 3800 plano.
457 3736 489 3787 In
506 3737 601 3794 humili
615 3740 683 3796 loeo.
698 3743 761 3796 Huc
775 3743 865 3802 omni·
907 3743 1016 3816 Thyesti
1030 3744 1136 3798 fortuna
1150 3744 1236 3798 leuata
1250 3762 1279 3798 ee
1290 3763 1411 3816 prospera

357 3828 405 3880 per
419 3818 599 3886 metaphoram
614 3819 749 3877 dicuutur.
861 3867 862 3870 ,
907 3822 1041 3888 videatur,
1056 3825 1144 3878 trinea
1163 3837 1251 3877 tamen
1266 3837 1294 3878 et
1308 3825 1410 3878 acerbos

399 3909 466 3962 929.
482 3897 574 3951 Fraeri.
588 3901 630 3954 Cf.
644 3901 736 3957 Horat.
749 3903 807 3969 111,
819 3903 862 3956 od.
907 3921 996 3958 senene
1011 3903 1144 3974 concipit,
1159 3922 1274 3974 quornm
1288 3923 1362 3958 neusa
1376 3909 1409 3992 la·

362 3975 391 4033 3,
405 3989 443 4025 ve.
460 3993 485 4042 7.
908 3983 1167 4054 tente,semetipanm
1182 3983 1347 4038 hortatatur
1360 4002 1409 4054 pn·

398 4053 582 4121 ndoPondern
590 4063 675 4127 regat,
686 4075 737 4116 ete.
753 4063 863 4118 Ruentie
906 4081 963 4116 eoos
977 4063 1149 4116 obliviscatur
1162 4063 1266 4128 luctus,
1279 4077 1305 4116 et
1319 4081 1407 4114 moero·

358 4132 431 4204 regni
443 4134 539 4188 molem
552 4137 677 4206 perferre.
907 4160 963 4196 reru
975 4142 1064 4194 lotitia
1078 4155 1173 4196 mutel.
