3210 5140
384 529 665 596 uouemus
690 529 910 602 rursus.
935 532 1041 598 uer.
1068 532 1109 598 v.
1218 529 1278 602 ιιι
1370 495 1372 505 '

269 658 361 731 Nihil
377 684 533 756 rogamus
549 685 557 729 :
576 675 689 732 noster
702 663 737 730 in
755 675 829 731 tuto
843 676 895 731 est
908 659 1025 732 dolor:

269 771 392 837 Natum
408 781 502 862 potes
517 791 650 836 servare
664 782 702 837 tu
720 766 808 837 solus
823 768 920 856 mihi,

269 875 406 967 Eripere
426 899 489 943 neo
509 887 546 942 tu
568 899 576 942 :
596 874 776 944 maximum
797 875 887 944 evasi
906 888 1055 944 metum:

269 980 430 1050 Miserum
450 979 542 1049 haud
562 994 657 1075 potes
677 1005 731 1050 me
753 979 878 1068 facere,
897 979 1025 1050 felicem
1043 997 1147 1076 potes.
1234 1017 1282 1054 ,ιιι

270 1086 324 1154 Sic
343 1100 468 1175 statue,
483 1085 644 1182 quidquid
664 1087 799 1176 statuis,
819 1101 858 1154 ut
877 1110 1011 1156 causam
1030 1101 1122 1157 tuam

214 1284 278 1322 sunt
301 1268 465 1342 desperantis
488 1269 522 1324 de
546 1270 727 1342 pervinoeuda
770 1291 819 1325 sus.
837 1271 1007 1325 Totuseuim
1021 1285 1060 1325 est
1073 1271 1235 1345 Amphitryo
1251 1276 1278 1328 iu

215 1348 395 1404 obstinatione
410 1350 548 1416 Herculis,
565 1369 651 1423 eoque
665 1354 727 1423 pre·
770 1350 884 1406 oonsilio
910 1351 1055 1422 proposita
1078 1354 1169 1406 mortis
1197 1372 1280 1427 expo·

215 1429 292 1482 cibus
301 1431 404 1484 omissis
412 1433 467 1501 jam
476 1429 637 1502 indignantis
645 1444 672 1484 et
682 1450 726 1485 aus
769 1429 875 1496 nendo,
890 1443 917 1484 et
930 1431 1019 1484 omnia
1032 1433 1088 1503 ejus
1102 1434 1183 1486 verba
1195 1453 1227 1487 eo
1241 1453 1282 1488 re·

215 1505 303 1579 deque
323 1510 423 1564 habere
440 1529 468 1564 se
484 1510 625 1582 fingentis,
646 1510 728 1583 quid-
768 1509 878 1565 serenda
886 1511 1055 1563 manifestum
1068 1513 1283 1585 est:iutelligen·

216 1586 283 1659 quid
298 1588 406 1642 tandem
420 1589 451 1643 iu
463 1609 491 1644 se
503 1591 630 1644 consulat.
644 1589 726 1655 Quod
768 1587 834 1643 dum
843 1589 938 1661 igitur,
947 1588 1008 1642 ideo
1017 1609 1097 1643 auum
1106 1593 1280 1665 Amphitryo·

215 1669 372 1722 naturaliter
384 1670 486 1735 evenit,
501 1682 531 1722 ut
546 1670 648 1740 magnis
663 1688 726 1741 pre·
768 1669 798 1722 ni
817 1681 911 1722 natum
930 1669 998 1740 eripi
1016 1688 1072 1723 nou
1088 1689 1179 1742 posse,
1193 1672 1280 1745 quod,

215 1747 291 1800 cibus
300 1748 402 1802 nostris
412 1749 515 1821 rejectis
528 1747 622 1803 dolore
633 1768 727 1804 aecen-
768 1750 900 1803 moriente
919 1747 991 1814 filio,
1006 1749 1061 1820 ipse
1078 1753 1222 1805 moriturus
1235 1754 1277 1807 sit

214 1823 311 1880 damur
329 1828 359 1880 iu
379 1829 465 1894 iram,
484 1842 511 1881 et
530 1827 604 1900 quod
620 1830 726 1900 rogavi·
768 1827 845 1883 Hane
858 1828 1121 1899 interpretationem,
1134 1831 1281 1904 repudiatis

214 1924 293 1972 mua,
308 1925 394 1980 prope
408 1909 580 1980 impetratum
594 1909 725 1976 nolimus,
768 1907 883 1974 ceteris,
899 1907 1079 1978 arripiendam
1092 1907 1251 1979 judicamus.

215 1983 261 2038 sed
276 1999 305 2039 et
322 1989 410 2042 verbis
431 1988 571 2042 ooutrariis
590 1987 725 2042 interdum
800 1987 896 2041 udos.
914 1987 989 2040 Nihil
1005 2007 1124 2058 rogamus.
1143 1991 1203 2043 Jam
1222 2011 1279 2045 non

214 2063 426 2136 indignationem
438 2079 575 2121 testemur.
586 2069 627 2121 lta
635 2081 724 2122 tamea
767 2085 859 2138 preces
867 2065 989 2120 adhibeo.
1003 2099 1040 2110 --
1052 2069 1081 2120 Iu
1093 2079 1144 2120 tuto
1154 2082 1190 2121 est
1200 2072 1278 2124 dolor.

214 2143 335 2216 desperat
350 2159 378 2200 et
394 2148 530 2218 objurgat,
543 2160 573 2200 ut
588 2160 644 2200 arte
656 2148 725 2203 inte·
767 2148 849 2201 Recte
860 2145 959 2200 dicitur
968 2165 1024 2200 esse
1034 2151 1059 2198 iu
1071 2159 1122 2200 tato
1133 2147 1226 2217 dolor,
1235 2153 1278 2205 aui

213 2225 265 2278 rim
285 2243 360 2297 spem
378 2239 406 2279 et
424 2227 591 2280 hortamenta
613 2226 723 2298 ingerat.
767 2239 881 2297 nequeat
903 2226 993 2278 afferri
1015 2227 1217 2282 incrementum.
1238 2231 1280 2284 De

213 2306 292 2376 Age,
312 2305 418 2377 iuquit,
442 2303 550 2378 quando
573 2323 629 2358 nou
647 2320 724 2378 potes
767 2323 845 2360 seusu
856 2305 935 2377 hujus
946 2304 999 2356 loci
1010 2317 1037 2356 et
1046 2323 1126 2360 versa.
1138 2327 1210 2380 aeqq.
1221 2309 1276 2364 vid.

213 2383 299 2449 flecti,
313 2385 370 2450 sac,
389 2387 462 2456 aperi
480 2398 506 2438 et
519 2397 637 2438 monstra
650 2384 724 2456 quod
767 2397 858 2439 notata
878 2403 893 2436 a
908 2383 1048 2438 Gronovio
1062 2383 1097 2438 ad
1108 2405 1175 2441 vera.
1194 2389 1277 2444 1301.

213 2481 255 2517 me
277 2465 318 2518 vis
344 2465 469 2536 eogisque
491 2465 577 2518 faeere
598 2460 670 2526 (hoc
685 2478 725 2520 est
768 2465 810 2519 Ci.
826 2476 853 2518 et
865 2467 908 2540 Aj.
920 2463 1014 2534 flageli.
1029 2483 1096 2533 7⁰²·

213 2543 300 2609 enim,
311 2545 415 2608 Pande,
431 2545 495 2614 quod
504 2543 564 2614 fieri
576 2544 642 2609 jubes
650 2564 660 2606 ,·
678 2564 723 2599 oo·
810 2543 892 2607 1304.
904 2545 1006 2612 Eripere
1018 2563 1061 2595 uec
1075 2557 1108 2598 tu.
1121 2545 1194 2611 Quid
1205 2549 1276 2601 enim

212 2622 271 2678 eide
286 2635 328 2691 te,
345 2623 488 2696 quodvis,
502 2637 534 2676 ut
550 2643 599 2694 ego
617 2643 723 2696 quoque
764 2623 872 2695 jamjam
885 2623 1017 2676 morituro
1031 2623 1098 2696 eripi
1111 2627 1219 2696 potest?

213 2703 307 2756 faciam
318 2742 327 2770 ,
340 2717 367 2756 et
386 2723 429 2756 me
450 2700 591 2759 occidam)
606 2721 613 2757 :
630 2702 724 2757 desino
812 2702 894 2756 1305.
914 2703 1029 2755 Miserum
1046 2703 1115 2756 hand
1125 2717 1209 2774 potes,
1226 2721 1277 2760 etc.

212 2801 337 2854 precum,
352 2795 435 2837 cessat
449 2796 475 2836 et
490 2782 590 2837 dolor:
607 2784 723 2837 venitin
767 2780 907 2854 Quidquid
936 2782 1007 2834 enim
1030 2801 1079 2854 per
1106 2797 1131 2836 te
1157 2787 1278 2839 miserius

212 2876 330 2916 mentem
342 2876 369 2916 te
383 2861 490 2935 quidem
502 2879 722 2934 posse‚parcen·
766 2862 834 2914 mihi
860 2875 941 2934 queat
964 2861 1101 2928 accidere,
1126 2863 1277 2919 voluntaria

212 2940 249 2995 do
263 2943 329 3008 tibi,
343 2961 451 2996 servare
463 2943 529 2996 mihi
548 2955 658 3010 natum3
676 2941 722 2996 sed
765 2959 831 2996 ueoe
844 2942 980 3013 effugiam.

212 3039 262 3075 neo
283 3035 326 3088 tu,
340 3023 402 3076 lieet
420 3035 447 3076 te
468 3023 630 3088 interficias,
646 3035 722 3094 potes
810 3021 894 3076 1306.
914 3021 956 3074 Sic
975 3033 1068 3085 statue,
1090 3033 1139 3074 etc.
1162 3022 1225 3077 Haec
1240 3026 1276 3078 ita

212 3101 277 3155 inihi
288 3103 392 3174 eripere
405 3097 416 3166 (
423 3103 478 3156 sive
491 3102 554 3174 quia
567 3095 723 3156 antecedere
765 3099 988 3173 reddiditCoupe':
996 3101 1279 3173 Decidezdeuosjoars;

212 3194 239 3236 et
248 3183 324 3253 prior
335 3182 405 3234 mori
421 3182 575 3246 mosomii,
589 3182 644 3236 sive
660 3183 722 3254 quia
765 3200 827 3233 oeus
840 3181 961 3233 deciderez
974 3181 1015 3232 des
1026 3183 1098 3231 miens
1106 3201 1117 3233 .·
1125 3193 1193 3233 uotre
1208 3203 1278 3236 cause

212 3261 315 3316 etiamsi
332 3273 460 3328 mortuo,
475 3262 532 3314 filio
548 3273 636 3316 tamen
653 3263 722 3315 Her·
765 3273 803 3312 ert
822 3279 949 3314 commuue.
970 3261 1005 3312 Et
1024 3261 1098 3312 neore
1110 3279 1120 3312 .·
1133 3261 1227 3314 Prende
1246 3283 1278 3316 uu

211 3342 287 3407 aule,
307 3355 364 3395 erat
379 3342 484 3395 iuturus
498 3333 656 3412 gloriosus).
676 3341 722 3394 Li·
762 3344 833 3411 pnrta'
841 3359 851 3402 ,¹
866 3340 922 3411 quel
939 3339 999 3410 qn'il
1013 3343 1076 3402 soit,
1091 3340 1161 3391 sarire
1182 3362 1227 3413 que
1252 3354 1277 3394 tu

211 3421 259 3474 ber
271 3420 354 3492 igitur
370 3439 429 3474 sum
444 3433 537 3474 metu:
552 3422 722 3493 nequeenim
766 3439 837 3472 cause
859 3431 899 3470 err
915 3420 940 3470 la
960 3423 1058 3470 mieuue.
1078 3419 1197 3490 Uterque
1220 3441 1275 3475 nou

211 3513 286 3572 potes
296 3501 380 3566 milri,
392 3514 423 3554 ιιι
436 3520 510 3555 nuno
523 3513 577 3567 est,
588 3501 722 3555 miseriem
765 3500 827 3554 satis
836 3497 974 3570 diligenti,
985 3512 1015 3552 ut
1024 3497 1091 3550 mihi
1100 3497 1221 3568 videtur,
1234 3502 1275 3555 iu-

211 3599 326 3651 augere3
343 3594 420 3652 potes
442 3581 563 3634 minuere
579 3603 585 3632 ι
603 3570 676 3653 quod
699 3581 722 3634 si
765 3578 964 3652 terpretatione.
976 3597 983 3631 :
995 3579 1200 3632 scilicetcausam
1211 3594 1277 3636 tuam

209 3661 397 3726 nouiiat,uon
408 3673 461 3714 tam
473 3662 573 3714 malurn
582 3658 721 3730 estdespe·
766 3663 791 3711 iu
810 3671 877 3711 emto
894 3671 959 3711 stare
976 3655 1179 3728 intelligendum
1197 3673 1275 3732 puta·

209 3741 328 3794 rantibus
342 3759 397 3793 uon
411 3741 510 3806 lovari,
523 3759 603 3812 quam
617 3741 721 3793 bonum
763 3751 862 3792 verunt
878 3739 952 3809 quasi
966 3757 1062 3790 causam
1080 3750 1144 3790 tuam
1158 3759 1209 3792 cum
1223 3762 1274 3794 urea

210 3833 248 3873 est
269 3820 419 3873 miseriores
440 3820 497 3872 fieri
521 3839 576 3873 uon
599 3839 686 3892 posse.
705 3845 717 3866 ι
764 3821 895 3872 entissime
907 3821 1055 3888 corp'uuctam
1065 3837 1114 3869 esse
1127 3817 1275 3888 diceretur3

208 3899 300 3952 Unum
321 3919 354 3952 ex
369 3900 419 3953 hae
438 3899 525 3953 lucida
546 3900 720 3971 explicatione
763 3896 812 3952 sed·
821 3910 848 3951 et
859 3898 968 3950 nimiam
978 3898 1006 3950 in
1020 3896 1209 3974 subaudiendis
1218 3920 1276 3954 ver·

208 3977 350 4032 detmhere
361 3980 463 4046 velim,
484 3991 611 4050 tauquam
626 3979 720 4051 exqui-
763 3979 804 4032 bis
818 3977 950 4034 licentiam
965 3991 1161 4050 usurpaverunt
1177 3992 1204 4032 et
1219 3982 1276 4034 vul·

173 4110 177 4120 ,
208 4060 259 4112 sito
280 4059 333 4112 viri
353 4057 455 4128 judicio
478 4060 566 4113 miuus
591 4057 721 4130 dignum,
765 4057 1274 4129 gatissimaelooutiouis‚stareiuarcto,

208 4139 310 4193 scilieet
318 4143 368 4194 sive
381 4144 437 4210 quia
448 4142 542 4192 etiamsi
553 4151 659 4202 mortuo,
663 4138 725 4209 filio
765 4157 871 4192 sensum
890 4150 1068 4210 corruperunt
1086 4137 1191 4209 pridem
1211 4137 1275 4192 deii-

210 4231 287 4272 tameu
306 4219 431 4284 Hercule,
452 4232 505 4274 erut
518 4221 618 4287 suturas
631 4219 723 4290 glorio·
766 4218 862 4273 uitum.
875 4217 997 4288 Intellige
1011 4217 1094 4289 igitur
1107 4237 1204 4272 causam
1214 4219 1281 4273 Her·

1057 4305 1122 4385 10⁴

1335 669 1339 698 1
