3240 5138
359 499 402 570 ῃ
647 479 684 544 n.
713 476 889 548 nunni
914 443 1132 552 sennen

354 656 1424 679 mmnmwuummmmmmmmmmwtmmmm

574 856 814 961 ACTUS
865 857 1211 964 TERTIUS.

798 1139 801 1142 .
823 1132 928 1152 ⁴..-

752 1289 1028 1358 HERCULES.

416 1454 473 1572 O
495 1499 575 1568 lucis
591 1498 676 1568 abne
692 1516 817 1584 rector,
835 1515 868 1568 et
884 1499 954 1570 caeli
970 1500 1087 1587 decus,

413 1607 480 1695 Qui
497 1604 622 1674 alterno
638 1625 739 1673 curru
757 1608 860 1700 spatia
877 1605 1074 1675 flammifero
1093 1606 1262 1686 ambiens,

414 1711 545 1781 liiustre
562 1708 642 1779 laetis
658 1713 779 1781 exseris
795 1713 889 1780 terris
905 1727 1023 1806 caput,

413 1822 484 1902 Du,
503 1816 643 1904 Phoebe,
658 1819 806 1903 veniam,
824 1820 851 1887 si
873 1817 952 1911 quid
972 1809 1120 1888 illicitum
1137 1819 1185 1887 tui
1385 1842 1424 1894 ⁵⁹⁵

417 1924 538 1992 Videre
552 1921 664 1992 vultus
681 1949 689 1991 :
706 1922 816 2016 jussus
839 1925 872 1995 in
893 1923 1001 1993 lucem
1019 1923 1120 1994 extuli

415 2033 544 2099 Arcana
563 2029 687 2098 mundi.
703 2033 819 2124 Tuque
838 2029 1004 2100 caelestum
1023 2030 1146 2099 arbiter

414 2139 617 2230 Peneusque,
633 2137 723 2204 visus
742 2134 877 2204 fulmine
894 2137 1047 2231 opposito
1065 2151 1157 2230 tege3

416 2244 460 2310 Et
477 2257 513 2310 tu
530 2242 675 2311 secundo
693 2245 795 2311 maria
812 2244 868 2337 qui
885 2257 1015 2338 seeptro
1032 2245 1135 2336 regis,

416 2349 505 2416 Imus
524 2361 599 2442 pete
617 2346 731 2416 undas.
750 2349 907 2442 Quisquis
924 2373 963 2416 ex
981 2347 1048 2418 alto
1066 2349 1183 2442 aspicit
1339 2427 1341 2432 Ι
1384 2375 1424 2414 n.»

419 2455 580 2540 Terrena,
599 2454 682 2524 facie
699 2452 801 2547 pollui
817 2469 965 2524 metuens
982 2479 1086 2542 nova,

420 2562 532 2630 Aciein
549 2561 713 2643 reflectet,
729 2584 853 2654 oraque
871 2561 905 2629 in
922 2558 1038 2629 caelum
1055 2562 1176 2656 erigut,

419 2668 575 2734 Portenta
591 2665 719 2760 fugiens
736 2691 742 2732 :
758 2666 823 2734 hoc
838 2667 929 2736 nefas
943 2683 1081 2737 cernunt
1095 2667 1179 2756 duo,

413 2867 478 2934 593.
492 2865 595 2916 Alternia
606 2905 612 2917 .
623 2905 629 2917 .
640 2904 647 2918 .
659 2870 762 2936 ,κρατέω
779 2863 811 2918 td
822 2878 870 2930 eet,
917 2865 1011 2918 rietem
1025 2865 1174 2919 Cerberum
1188 2866 1221 2918 ab
1234 2863 1400 2932 inferie,niri
1409 2882 1425 2914 ι

368 2946 451 3016 spatia
477 2945 584 2998 alternis
611 2943 716 2998 vicibus
743 2945 872 3008 instratu
917 2945 1025 2998 Iunone
1034 2944 1261 3017 etubEuryetheo
1269 2946 1355 3017 jussus
1364 2943 1426 2996 fuir·

368 3023 441 3094 quod
454 3023 488 3077 de
502 3036 619 3095 utroque
634 3023 820 3095 hemispherio
833 3023 874 3076 in-
918 3043 974 3076 rem
987 3037 1014 3078 et
1027 3037 1148 3078 mactus:
1163 3043 1217 3078 uon
1228 3024 1311 3095 igitur
1323 3023 1351 3076 in
1365 3041 1423 3088 me,

368 3104 491 3176 teiiignnt
506 3105 679 3174 interpretes,
697 3104 759 3156 licet
773 3103 874 3156 Hercu·
919 3101 966 3156 red
985 3104 1012 3156 in
1036 3105 1158 3175 jubentes
1183 3102 1284 3156 recidet
1303 3103 1428 3157 uetueris

367 3183 416 3236 leis
442 3185 607 3256 temporibus
642 3181 764 3236 nondum
800 3195 875 3236 terror
922 3180 1029 3236 invidia.

368 3263 482 3316 sormam
491 3277 676 3334 astrorumque
684 3261 877 3316 vicissitudines
961 3268 1026 3332 599.
1049 3263 1087 3316 Et
1104 3275 1129 3315 tu
1152 3263 1263 3316 secundo.
1285 3262 1427 3332 Neptune,

369 3341 491 3396 homines
513 3345 722 3414 suspicarentur,
745 3342 876 3395 existimu-
920 3343 966 3413 qui
987 3341 1130 3396 secundam
1152 3340 1246 3394 mundi
1264 3342 1425 3413 provinciam

370 3433 481 3493 rentque
495 3421 668 3489 solem,dum
681 3422 877 3492 noxtotregio·
921 3421 1045 3476 obtinet:
1070 3422 1183 3493 primam
1207 3423 1278 3474 enim
1297 3421 1425 3490 Jupiter,

369 3501 448 3554 nibus
461 3503 704 3566 incumberet,non
717 3502 792 3555 elteri
805 3501 877 3554 orbis
921 3501 1025 3555 tertium
1047 3501 1126 3554 Pluto
1148 3501 1235 3554 eortiti
1256 3512 1339 3553 erant.
1360 3497 1425 3553 vid.

370 3580 439 3649 parti
461 3581 549 3634 lucem
574 3582 708 3652 prebere,
736 3579 782 3634 red
806 3578 877 3652 upud
921 3593 977 3633 not.
991 3579 1106 3634 advers.
1122 3584 1190 3649 609.

369 3658 476 3730 Tethyn
491 3673 517 3712 et
532 3663 558 3714 in
578 3661 701 3714 fluctibus
715 3661 814 3714 Oceani
832 3679 877 3712 oc·
961 3657 1023 3712 603.
1039 3660 1166 3714 Portenta.
1188 3661 1229 3713 sie
1250 3657 1427 3724 dicebantur,

371 3737 468 3791 culturi
483 3751 509 3790 et
522 3741 663 3810 quiescere,
921 3751 950 3791 ut
959 3738 1103 3808 plurimum
1111 3777 1120 3804 ,
1129 3740 1235 3794 insolita
1243 3752 1269 3792 et
1277 3737 1428 3810 prodigiosa

412 3817 478 3886 595.
498 3819 617 3872 Illicitnm.
636 3820 781 3872 Cerberum
802 3818 875 3872 vide·
920 3836 977 3888 quur
994 3817 1095 3889 aliquid
1111 3817 1271 3889 portendere
1286 3816 1429 3872 crederen-

369 3897 443 3962 licet,
464 3917 541 3968 quern
562 3911 657 3950 uterne
671 3898 773 3970 'i'arturi
799 3911 875 3950 noete
920 3909 972 3950 tur.
988 3897 1045 3951 Cic.
1057 3897 1090 3950 de
1101 3911 1154 3952 net.
1167 3899 1295 3962 deor.11,
1313 3897 1328 3949 3
1343 3898 1431 3952 :Proe-

371 3976 422 4027 suta
449 3977 606 4031 incluserunt
624 3991 651 4031 et
677 3979 752 4030 terris
774 3976 876 4031 ostendi
921 3977 1034 4030 dictiones
1051 3999 1109 4030 vero
1129 3992 1153 4030 et
1165 3982 1334 4052 proesemiones
1352 3997 1430 4029 mmm

369 4069 514 4109 vetuerant.
917 4057 1055 4123 suturarum
1072 4059 1131 4130 quid
1141 4059 1211 4110 alind
1225 4058 1369 4120 declarant,
1383 4060 1432 4108 nebi

408 4137 473 4206 596.
494 4137 587 4188 Jussur.
612 4135 755 4208 Nunquam
779 4138 878 4191 abstra·
923 4138 1052 4190 bominibus
1079 4159 1125 4200 ea,
1153 4158 1205 4208 quer
1224 4141 1292 4200 sint,
1316 4136 1429 4199 eruendi,
