3172 5138
313 481 364 550 IN
390 477 630 546 THYESTEM
659 473 1102 543 ANlMADVERSIONES.
1166 469 1240 540 333

264 1116 347 1202 ou
374 1063 738 1200 ‘vlurnrlre
771 1109 1161 1200 Lucrionem

687 1343 731 1395 IN

448 1540 939 1667 THYESTEM

264 1885 267 1895 -
349 1817 1072 1924 ANIMADVERSIONES.

627 2107 806 2130 --οὺϋ--

181 2289 249 2393 Au
266 2341 333 2393 hanc
348 2336 585 2410 recognoscendum
602 2335 755 2408 tragaediam
775 2338 899 2392 omnibus
915 2340 1059 2393 instructus
1080 2341 1181 2394 auxiliis
1200 2365 1242 2398 ac·

179 2421 264 2487 cessi,
275 2439 334 2491 qun
347 2417 381 2471 ed
394 2415 590 2470 emendandum
602 2417 727 2468 Herculem
737 2419 857 2483 furentem
869 2417 1040 2472 adhibueram
1052 2411 1119 2488 (vid.
1131 2442 1159 2493 p.
1172 2424 1242 2488 158),

180 2501 233 2554 uisi
247 2497 322 2570 quod
336 2496 478 2550 defuerunt
492 2496 549 2549 MS.
563 2499 639 2559 8264
652 2510 678 2548 et
689 2495 822 2568 specimen
836 2515 911 2550 novae
923 2499 1084 2553 recensionis
1095 2519 1109 2552 a
1122 2501 1243 2556 Torkillo

181 2578 299 2633 Radenio
315 2575 416 2630 editum
429 2594 436 2629 :
448 2576 546 2632 horum
562 2577 746 2629 auctoritatem
762 2574 867 2630 duobus
884 2578 959 2631 novis
975 2579 1145 2634 Bibliothecse
1163 2583 1241 2654 regie

180 2657 368 2728 manuscriptis
382 2656 518 2726 supplevi,
536 2655 584 2726 qui
597 2655 714 2708 numeris
732 2655 807 2726 6377
825 2668 851 2708 et
868 2658 942 2710 8263
959 2657 1103 2729 signantur.

224 2757 251 2790 a.
263 2737 396 2804 luserunsm
408 2735 463 2786 rede
472 2735 504 2786 ab
515 2735 629 2802 irrsaustc.
640 2734 715 2788 MSS.
725 2747 752 2788 et
761 2734 838 2788 editt.
850 2749 912 2791 vett.
923 2737 1048 2790 exhibent
1059 2738 1120 2806 Quis
1129 2759 1165 2790 me
1171 2744 1245 2808 seror

181 2835 245 2870 meuc
254 2817 308 2868 sede
320 2816 351 2866 ab
362 2815 481 2882 infausta,
495 2812 568 2885 quod
582 2814 657 2868 facile
667 2813 779 2885 intelligi
791 2828 884 2885 queat,
897 2828 927 2868 ut
942 2829 1014 2870 recte
1026 2816 1162 2872 adnotavit
1175 2820 1244 2872 Gro-

182 2896 291 2960 novius,
301 2895 488 2966 interpretatus
499 2920 510 2940 ι
522 2913 580 2964 quse
596 2895 635 2946 ira
648 2892 760 2946 deorum
771 2919 799 2958 ι,
811 2913 865 2946 nou
874 2913 936 2948 vero
948 2921 958 2942 ι
969 2915 1025 2968 quo
1040 2897 1131 2950 furore
1144 2899 1245 2970 percita

182 2977 290 3048 Megera
303 2974 440 3045 .;Virgi1ii
456 2975 592 3044 exemplo,
606 2974 652 3044 qui
663 2971 816 3043 Eurydicen
833 2972 938 3029 inducit
954 2974 1103 3042 dicentem:
1115 2978 1205 3042 «Quis
1218 2995 1245 3036 et

182 3073 226 3109 me
244 3055 367 3108 miseram
384 3066 410 3108 et
426 3065 452 3106 te
469 3051 602 3124 perdidit,
616 3051 747 3123 Orpheo?
767 3053 835 3118 Quis
850 3065 940 3107 tantus
956 3055 1050 3108 furor?
1062 3082 1072 3105 ι
1084 3056 1188 3110 Primus
1198 3060 1244 3112 Li·

182 3135 255 3206 psius
265 3154 297 3188 ex
311 3133 367 3186 MS.
382 3130 600 3187 suobodiernam
614 3131 754 3185 lectionem
766 3136 819 3204 quis
831 3153 866 3184 me
879 3135 1006 3202 inferorum
1023 3136 1077 3186 sede
1092 3135 1123 3186 cb
1134 3138 1243 3205 'infausta

183 3215 293 3281 extulit,
310 3231 389 3284 quum
410 3230 504 3283 perum
525 3211 641 3274 efficaci,
654 3223 685 3264 ut
704 3211 771 3264 mihi
786 3210 907 3278 videtur,
924 3227 1077 3285 argumento
1095 3215 1242 3273 confirmat.

183 3294 275 3359 Quum
291 3307 379 3346 temen
390 3291 515 3344 Etruscus
529 3289 613 3344 codex
626 3289 746 3344 eamdem
760 3292 1025 3364 preferat,Lipsium
1037 3306 1064 3346 et
1078 3294 1244 3352 Gronovium

183 3391 301 3444 sequor:
313 3369 361 3426 sed
379 3368 643 3424 animadvertendum
661 3369 794 3435 existimo,
811 3383 842 3424 ut
856 3372 935 3428 lectio
950 3373 1072 3444 Lipsiene
1091 3374 1245 3444 simpliciter

184 3465 211 3506 et
229 3453 326 3506 clarior
342 3449 396 3504 dici
411 3463 512 3521 potest,
526 3451 563 3502 sic
581 3461 697 3502 veterem
714 3451 796 3520 magis
813 3469 868 3504 esse
886 3453 1017 3524 poeticam
1033 3465 1060 3506 et
1076 3453 1203 3510 acriorem
1219 3473 1244 3513 et

183 3532 279 3584 melius
293 3549 355 3584 cunt
369 3529 489 3600 sequenti
501 3547 580 3582 versu
598 3529 659 3598 Quis
673 3530 734 3581 male
745 3529 857 3596 deorum,
873 3543 922 3584 etc.
937 3544 1135 3603 congruentem.
1145 3539 1245 3590 -Εῑ,

185 3611 270 3664 ualuit.
286 3611 395 3663 Proetat
408 3609 461 3662 hoc
475 3607 583 3663 lectioni
597 3625 657 3680 que
671 3610 698 3662 in
712 3609 845 3680 plerisque
860 3611 954 3664 Pariss.
968 3611 1045 3666 MSS.
1062 3625 1088 3666 et
1103 3613 1131 3665 in
1144 3617 1243 3674 Isoard

183 3688 272 3762 AEgid.
285 3689 381 3742 Philol.
389 3691 495 3741 Arcens.
505 3689 599 3741 Arent.
611 3686 686 3743 editt.
699 3687 840 3741 invenitur.
847 3691 964 3742 Extrahit
975 3711 1030 3744 non
1040 3705 1142 3745 tentum
1150 3696 1177 3747 in
1187 3697 1246 3757 MS.

183 3783 277 3822 nostro
294 3767 368 3822 8033
379 3808 387 3834 ‚
400 3767 444 3820 sed
461 3769 540 3821 etiarn
557 3769 584 3820 in
599 3767 701 3822 Fabric.
718 3769 790 3821 Delr.
805 3769 888 3822 Scriv.
906 3770 1017 3824 Furnab.
1032 3772 1114 3842 Tbys.
1128 3787 1155 3828 et
1170 3777 1246 3834 editt.

184 3849 388 3902 recentioribus.
402 3848 519 3900 Rotheus
531 3848 651 3898 abstrclu't
664 3861 762 3912 tuetur,
772 3867 822 3900 neo
835 3862 923 3902 tamen
936 3850 965 3902 in
979 3864 1133 3906 contextum
1141 3859 1244 3928 recipit.

228 3929 254 3982 3.
273 3929 334 3998 Quis
350 3928 410 3980 male
425 3928 530 3980 deorum.
547 3927 637 3992 Quum
652 3929 713 3980 male
724 3947 778 3980 non
794 3929 952 4000 intelligeret
964 3931 1109 3998 Gruterus,
1124 3937 1247 3992 substitui

182 4009 294 4080 jubebat
304 4008 483 4070 malevolorum,
497 4004 570 4078 quod
583 4018 670 4060 tamen
684 4027 738 4061 non
751 4007 836 4061 multo
851 4011 980 4080 aptiorem
993 4011 1098 4082 vulgate
1110 4013 1248 4072 fatebatur.

184 4086 351 4140 Emendabut
362 4086 455 4140 Heius.
463 4091 569 4155 quisnam
580 4085 684 4139 deorum.
698 4088 817 4140 Gronov.
829 4101 921 4142 contra
932 4088 1088 4162 approbavit
1099 4095 1250 4167 malequam

186 4167 290 4238 optime
305 4165 441 4231 adhiberi,
458 4164 589 4218 modoad
608 4167 710 4219 ostendit
724 4167 837 4234 releraa;
851 4168 951 4223 scilicet
971 4171 1032 4222 male
1051 4173 1170 4225 ostendere
1188 4180 1251 4246 poni
