3070 5158
333 527 469 602 NOTAE
493 528 541 598 IN
566 515 952 598 ὃῑΙΡΡΙΔΞΜΙῖΝΤῐΙΜ.Ι
1101 530 1172 615 483

106 659 257 726 reduxerit,
271 657 319 714 red
332 658 469 730 Euripidis
484 657 578 712 co'tern
597 657 713 712 imitetur
726 658 827 712 Thebis
841 671 994 725 exeuntem,
1010 659 1078 714 duce
1095 663 1173 716 Anti·

96 760 185 814 ¹gone,
199 739 481 810 ostenderit,ntroqno
494 739 629 792 recinente
641 754 702 810 que
711 740 767 812 jam
780 738 807 790 in
820 737 920 792 Nostro
933 738 1071 794 dixerant:
1085 741 1175 795 0Εῶ-

105 841 157 894 pne
172 821 244 874 enim
258 838 286 874 ee
303 818 391 890 ipsum
409 819 555 889 interrogat
572 818 662 872 iurene
675 835 756 888 quum
769 819 863 872 mortis
875 832 1001 890 emuntur
1013 821 1100 886 viam,
1117 847 1129 868 ι
1139 841 1174 875 an

106 903 208 954 ferrum
224 901 252 952 in
270 900 325 951 ima
340 896 427 952 cordis
444 897 589 970 penetralia
609 897 754 969 impingat,
770 917 805 950 nn
820 899 896 951 virne
912 917 992 970 rogos
1007 899 1122 963 insiliat,
1140 919 1174 954 nn

107 982 203 1051 laqueo
216 977 418 1051 gutturinrernt
428 999 439 1024 ι
451 997 459 1043 ;
472 976 605 1046 Antigone
622 1003 633 1023 ι
643 977 773 1034 besorum
783 993 811 1032 ce
821 979 904 1049 petrin
913 978 1001 1040 lateri,
1013 990 1039 1033 et
1049 980 1176 1034 comitem

107 1061 225 1112 tenebris
234 1060 291 1131 ejun
304 1058 418 1124 ituram,
431 1069 458 1110 et
471 1058 586 1110 incertos
599 1069 731 1110 reomrum
745 1055 861 1130 gradus·
878 1056 1035 1130 profitetur,
1049 1077 1109 1137 qun
1120 1061 1176 1130 jam

107 1141 250 1192 Annaennae
269 1135 402 1208 trngoediae
419 1136 496 1189 initio
509 1137 620 1206 legimus
635 1134 742 1189 abunde
765 1135 888 1208 explicito
905 1155 920 1188 e
935 1156 1003 1191 vers.
1020 1158 1032 1192 1
1054 1136 1087 1193 ad
1106 1159 1176 1198 rem.

109 1219 177 1272 363.
192 1220 306 1270 Potuere
318 1215 427 1288 quidem
440 1215 582 1287 Euripides
592 1227 619 1268 et
634 1217 750 1283 Seneca,
763 1235 813 1288 pro
826 1229 965 1288 poetarum
976 1219 1036 1288 jure
1044 1257 1053 1284 ,
1067 1237 1178 1288 preser-

108 1299 158 1350 tim
176 1298 289 1350 heroico
306 1295 388 1350 etatis
408 1308 562 1366 argumente
575 1296 760 1364 tractantium,
773 1295 845 1348 hunc
860 1295 963 1368 OEdipi
977 1316 1039 1350 cnm
1052 1297 1108 1352 filia
1121 1316 1177 1352 cere

107 1378 137 1430 in
147 1377 270 1432 exsilium
279 1374 442 1448 projicientis
451 1392 570 1442 coenum,
581 1375 658 1431 illum
667 1375 744 1430 initio
755 1375 857 1446 operio,
868 1376 941 1430 hunc
951 1389 1075 1433 extreme
1084 1389 1178 1447 trogon-

108 1457 161 1510 die
173 1457 296 1510 incerere.
307 1451 359 1508 Sed
372 1473 455 1526 quum
470 1455 567 1507 Nostro
581 1453 711 1526 placuerit
723 1447 932 1525 compromitti,
947 1455 976 1508 in
989 1455 1041 1509 fine
1055 1455 1177 1510 eumdem

107 1555 164 1589 non
178 1533 350 1606 repetendam
363 1531 437 1586 haud
455 1546 554 1586 temere
567 1535 702 1605 conjicias.
717 1535 818 1588 Rursus
836 1548 961 1608 apparent
976 1535 1102 1607 OEdipus
1117 1537 1180 1590 licet

108 1615 254 1685 donetque,
267 1614 357 1668 omnin
371 1614 447 1667 luctu
459 1625 487 1666 et
501 1626 602 1667 terrore
616 1614 789 1686 impleturus,
805 1627 844 1670 tot
860 1617 993 1668 melorum
1011 1615 1065 1668 euin
1074 1615 1178 1668 incum-

109 1695 233 1748 bentium
245 1694 393 1766 spectaculo
405 1693 510 1750 dehitue
524 1695 609 1754 testim
621 1693 668 1750 red
679 1714 735 1748 non
747 1693 853 1750 easdem
863 1695 943 1748 iteret
957 1695 1076 1768 querelor
1090 1691 1178 1768 neque

109 1773 194 1844 fugiat
209 1774 322 1841 iterum,
335 1769 396 1828 natu
407 1775 539 1830 volentem
556 1773 625 1828 mori
642 1789 827 1847 prosequente.
839 1777 872 1828 In
884 1775 939 1828 hoc
950 1793 1119 1846 summopere
1135 1794 1178 1830 er·

108 1855 179 1908 ravit
190 1849 344 1923 Chtt'etlins,
357 1854 525 1910 Annmnm
537 1853 675 1926 ingenium
691 1855 719 1908 in
732 1855 822 1909 multis
835 1855 893 1908 eliis
907 1853 1018 1910 feliciter
1030 1855 1177 1908 cmuintne.

965 1983 991 2044 J.
1009 1989 1041 2044 P.
