3210 5140
376 470 446 538 160
562 465 618 535 IN
645 465 932 535 HERCULEM
959 467 1240 537 FURENTEM

370 598 490 652 editione
503 586 525 690 (t
529 595 600 649 1821
613 590 642 660 ),
653 593 715 666 quia
730 613 798 666 uepe
810 583 882 666 apud
893 607 985 668 poetae
996 615 1063 649 como
1075 615 1127 669 pro
1140 595 1223 651 radiia
1236 595 1353 652 siderum
1364 599 1441 655 adhi-

369 679 461 741 betur,
475 677 546 729 utin
557 675 649 728 Nostri
659 676 738 728 Herc.
749 675 812 727 OEt.
825 689 901 746 727,
914 676 1060 746 AbJectue
1069 677 1163 731 horret
1173 678 1293 749 anagnie,
1307 691 1335 733 et
1343 679 1439 736 Phoebi

369 777 445 812 coma
459 756 614 828 Tepelectna
625 751 740 807 ardet
732 754 817 820 ;etin
830 755 921 808 viler.
935 755 1022 811 Flacc.
1035 757 1063 808 11
1071 763 1177 821 „qr·
1165 759 1440 831 «Autraqneetell'u-

368 839 403 892 aia
427 837 543 892 stellatur
563 834 682 888 crinibus
702 792 810 888 aether
798 833 955 887 .Badenio
973 836 1115 903 attentior,
1132 847 1222 891 motus
1242 849 1299 891 tum
1316 839 1439 895 claritate

369 919 512 970 verborum
527 927 554 968 et
566 915 707 985 elegantia,
718 927 777 968 tum
789 925 911 966 veterum
930 911 1080 969 editionum
1096 929 1124 970 et
1137 927 1178 970 tot
1193 918 1437 992 manuscriptorum

369 996 540 1058 auctoritate,
552 995 711 1066 quibuscum
724 994 880 1064 conapiraut
891 1011 986 1048 omnen
996 993 1030 1048 ad
1043 1013 1126 1048 unum
1140 995 1222 1050 Paria.
1233 997 1308 1052 MSS.

413 1075 457 1130 13.
470 1077 574 1130 Aaou,
584 1073 666 1127 Multi
675 1073 849 1139 recentiores,
857 1091 951 1128 oureus
962 1073 1233 1129 liertituimuaaureus
1241 1075 1353 1148 ,qa‚cd
1365 1095 1436 1149 prar-

369 1170 410 1210 ter
420 1173 511 1210 omues
519 1153 594 1207 MSS.
604 1166 723 1217 nostroe,
733 1112 882 1219 Fernaudi',
891 1151 995 1206 Iuoardi
1003 1153 1135 1226 ,AEgidii,
1147 1155 1276 1216 Aacmaii,
1286 1156 1436 1230 Philologi‚

369 1237 456 1296 Petri,
472 1233 648 1299 commelini,
664 1231 789 1286 Farnobii
804 1243 832 1286 et
847 1192 941 1304 Thyeii
957 1232 1089 1287 editiouea
1104 1233 1240 1289 exhibent.
1253 1237 1364 1309 Irrepeit
1376 1240 1436 1308 pri·

369 1327 450 1369 mum
457 1333 542 1366 aureus
558 1313 638 1367 tacito
652 1331 699 1384 per
713 1312 875 1378 Fabricium,
895 1331 974 1384 quem
992 1312 1091 1367 deinde
1106 1313 1315 1386 Raphelengiue,
1326 1317 1418 1370 Delrio
1426 1356 1435 1383 ,

369 1394 527 1461 Scriverius,
540 1393 692 1448 Gronovius
704 1405 832 1464 uimque,
845 1393 962 1446 bothena
978 1404 1006 1445 et
1018 1392 1152 1448 Budeniue
1163 1395 1276 1461 imitati,
1292 1407 1319 1447 et
1330 1395 1436 1449 hiscere

369 1475 478 1548 quidem
511 1473 546 1528 de
573 1473 669 1526 veteris
693 1491 723 1526 ae
748 1472 883 1543 primaria
906 1471 1027 1526 lectionis
1051 1475 1198 1527 mutatione
1230 1473 1332 1544 dignati
1360 1489 1434 1529 runt.

368 1559 492 1610 Attamen
505 1571 561 1608 non
574 1565 679 1607 tantum
694 1571 779 1605 curm
793 1552 977 1624 antiquiorum
991 1554 1182 1626 exemplarium
1200 1555 1372 1608 consensione
1386 1555 1434 1608 de-

368 1635 499 1701 lenditur;
517 1631 561 1686 aed
580 1631 688 1686 videtur
701 1645 729 1686 et
748 1631 836 1703 aptius
856 1632 884 1684 in
903 1631 1038 1703 poeticum
1052 1633 1210 1704 rhythmum
1227 1632 1336 1700 cadere,
1347 1651 1434 1706 quum

367 1734 429 1768 raro
439 1713 652 1784 ineleganterqne
661 1713 690 1766 iu
703 1712 790 1783 poetic
802 1710 890 1765 latinia
899 1711 1048 1782 epithetum
1060 1712 1150 1766 atatim
1163 1724 1223 1784 port
1236 1713 1434 1769 eubetautirum

367 1794 491 1848 ad'aceat.

399 1815 456 1942 l19.
476 1871 528 1926 Sed
539 1885 622 1925 uetera
636 1875 762 1944 querimur.
780 1869 832 1924 Hic
848 1887 940 1924 verena
957 1869 986 1922 in
1002 1871 1126 1925 omnibua
1138 1869 1214 1925 MSS.
1232 1871 1347 1936 noatrie,
1360 1885 1390 1925 nt
1403 1873 1434 1926 iu

370 1953 539 2014 Florentino,
557 1965 584 2006 et
599 1952 628 2004 in
643 1951 722 2004 Fern.
735 1948 836 2004 Iacmd.
849 1949 916 2003 Phil·
927 1947 1105 2017 editionibus,
1119 1950 1157 2005 ric
1169 1949 1347 2023 producitur:
1360 1978 1372 2001 ι
1381 1952 1434 2006 Sed

366 2046 455 2086 vetera
470 2051 522 2085 sero
533 2031 686 2104 querimur:
698 2049 751 2084 una
759 2047 804 2083 me
816 2027 875 2082 dira
886 2047 916 2082 ac
927 2028 1009 2083 lera-
1021 2029 1109 2094 Quem
1122 2043 1154 2085 nt
1166 2029 1199 2084 ed
1212 2031 1360 2102 legitimum
1371 2049 1431 2103 epa-

367 2114 435 2167 tium
445 2115 583 2183 juatoeque
594 2129 721 2165 uumerua
731 2109 898 2180 redigerent,
912 2109 1015 2163 fabric.
1029 2122 1056 2163 et
1070 2111 1198 2164 Commel.
1212 2112 1267 2164 driu
1282 2131 1328 2175 ac,
1343 2111 1432 2183 AEgid.

259 2251 261 2258 ,
367 2196 474 2246 Arcena.
488 2193 559 2245 Petr.
572 2192 645 2261 Lipe.
658 2211 728 2256 tero,
740 2189 914 2244 deleverunt:
926 2189 1153 2245 hieauacultatum
1169 2203 1209 2244 est
1222 2210 1238 2245 a
1251 2191 1335 2243 Ser-iv.
1346 2191 1429 2263 Thya.

368 2273 492 2326 Gronov.
510 2263 574 2342 (qui
589 2283 679 2324 tamen
699 2270 757 2324 tolli
777 2281 877 2333 nemra,
893 2269 991 2324 cervari
1010 2289 1081 2334 aero,
1098 2266 1217 2336 mallet),
1235 2281 1293 2324 eta
1311 2269 1430 2328 sehrod.

367 2353 445 2406 Both.
458 2348 557 2404 Badeo.

410 2451 456 2485 ιι.
473 2431 602 2484 Esceudot.
617 2429 670 2484 Pro
681 2429 810 2494 ostendor,
824 2411 854 2480 dt
864 2427 962 2480 iterum
973 2427 1002 2480 in
1014 2427 1141 2483 Phaenica.
1157 2446 1228 2494 ιιι,
1244 2443 1271 2486 et
1284 2430 1312 2481 iu
1325 2431 1432 2502 optimu

367 2523 438 2565 notu
452 2509 605 2564 auctoribus
617 2527 623 2563 :
636 2508 683 2564 sed
697 2509 821 2562 «sundere
831 2508 933 2562 librarii
943 2521 970 2562 et
980 2505 1111 2574 editores,
1124 2509 1167 2563 rel
1179 2509 1256 2563 MSS.
1270 2508 1431 2564 adversanti-

367 2593 433 2654 bus,
448 2593 533 2644 uolent
551 2589 698 2644 intrudere.
711 2589 791 2655 Qnod
807 2601 895 2643 autem
913 2586 948 2640 ed
967 2588 1041 2641 bunc
1054 2587 1160 2642 Seuecu
1177 2589 1266 2642 locum
1280 2591 1386 2656 attinet,
1401 2591 1430 2643 in

367 2671 504 2744 plerisque
515 2669 590 2724 MSS.
605 2670 687 2724 Paria.
699 2669 830 2733 urendae,
848 2670 916 2722 sicut
927 2679 955 2720 et
968 2667 997 2722 in
1008 2667 1110 2722 Ieoard.
1125 2681 1152 2722 et
1162 2667 1191 2721 in
1201 2668 1291 2740 AEgid.
1306 2669 1430 2724 editioni-

366 2751 417 2804 hua
427 2767 434 2803 τ
446 2763 539 2804 contra
553 2749 722 2805 Florentium
733 2748 880 2814 Gronorii,
890 2747 1007 2802 Urbium
1017 2746 1144 2814 Badenii,
1159 2761 1217 2802 tum
1228 2749 1307 2802 Fern.
1321 2763 1348 2803 et
1358 2751 1429 2803 Phil.

366 2830 442 2885 editt.
453 2831 571 2884 ιιιιιιιὶιιι.

409 2930 454 2964 rr.
467 2913 559 2965 Terreat
571 2909 686 2964 Alcmene
695 2911 779 2962 locum.
792 2909 860 2962 Vult
873 2909 994 2962 Grunov.
1010 2919 1087 2959 torum
1099 2925 1150 2978 pro
1163 2907 1239 2960 luem
1253 2909 1349 2973 scribi,
1360 2927 1429 2981 qno·

366 2990 436 3044 uiam
446 2994 501 3062 jam
513 2989 581 3044 dixit
595 2989 677 3043 Poeta
688 2990 764 3042 locum
773 2988 899 3059 pellicibus
911 2987 975 3040 dedi.
992 2985 1058 3052 Sed,
1073 3005 1157 3058 quum
1170 2985 1354 3060 duodeviginti
1369 3007 1429 3041 ver·

365 3073 440 3124 ribus
457 3071 570 3126 alterum
586 3071 619 3122 ab
632 3070 715 3123 altero
727 3082 882 3141 separetur,
896 3069 956 3141 quir
968 3085 1024 3120 non
1035 3066 1148 3120 miretur
1160 3067 1291 3126 Gronovii
1302 3087 1379 3121 aurea
1391 3069 1428 3122 ita

366 3149 512 3205 fastidiosae
524 3169 594 3208 esee.
606 3162 649 3215 ut,
664 3162 777 3222 propter
792 3149 965 3209 levissimam,
985 3159 1012 3201 et
1027 3165 1086 3220 qno
1098 3147 1144 3200 vix
1158 3147 1329 3201 excusatione
1341 3161 1429 3219 egeat,

366 3230 512 3296 incuriam,
525 3249 540 3283 a
551 3241 657 3303 recepta
672 3241 699 3284 et
714 3231 835 3284 omnium
848 3242 905 3282 tum
919 3227 995 3282 MSS.
1011 3239 1070 3280 tum
1086 3225 1163 3281 editt.
1180 3245 1310 3281 consensu
1321 3225 1429 3281 delenea

365 3310 478 3363 lectione
487 3308 610 3364 recedat?

406 3398 451 3455 πά.
459 3392 489 3444 Iu
498 3393 564 3462 cujus
571 3403 635 3444 ertu
645 3389 705 3443 Hoc
714 3387 916 3461 quatuordecim
925 3386 1001 3441 MSS.
1011 3385 1092 3439 Paria.
1102 3385 1170 3451 ,hoc
1180 3383 1255 3439 editt.
1269 3399 1332 3440 vett.
1346 3387 1426 3440 Fern.

364 3468 464 3525 Iaoard.
473 3469 574 3542 AEgid.,
582 3471 635 3524 hoc
644 3481 671 3524 et
679 3469 791 3542 Raphel.
805 3481 832 3522 et
845 3467 974 3522 Commel.
985 3466 1100 3538 etThJa.
1106 3467 1230 3518 Attamen
1239 3466 1427 3538 ebeilologo,

364 3567 444 3622 quem
461 3550 608 3604 diaceuirae
621 3549 740 3621 primum
753 3567 768 3601 a
781 3549 886 3621 vulgate
903 3547 1018 3601 lectione
1031 3545 1193 3617 reperimur,
1207 3545 1290 3599 Serir.
1305 3545 1425 3600 Gronov.

365 3628 484 3684 Schroed.
498 3630 577 3684 Both.
591 3642 617 3684 et
630 3627 694 3682 Bud.
710 3641 777 3682 orem
791 3626 967 3700 adoptarere,
984 3625 1159 3680 conveniente
1173 3637 1200 3679 et
1212 3625 1367 3678 ffloreuduo
1381 3643 1426 3678 co-

363 3707 430 3763 dice.
445 3709 492 3763 ilia
509 3709 689 3775 adhaererem,
704 3708 727 3762 ri
739 3721 831 3773 orum,
846 3727 901 3761 non
917 3719 997 3770 ortus,
1014 3703 1149 3759 introduci
1163 3723 1212 3777 per
1228 3706 1328 3777 aliquot
1346 3705 1425 3759 MSS.

361 3787 454 3842 liceret
458 3801 467 3852 ;
481 3788 527 3842 red
539 3787 652 3862 impedit
663 3790 800 3862 pluralitas
808 3828 815 3854 ,
824 3807 880 3842 uon
892 3788 954 3842 retia
965 3786 1089 3840 hocloco
1100 3783 1249 3839 inaffectata
1259 3825 1266 3850 ,
1277 3785 1425 3856 quominus

362 3885 377 3919 a
391 3881 481 3922 vetere
493 3869 608 3923 lectione
618 3867 738 3923 recedam
749 3881 758 3916 t
769 3868 853 3942 plurir
863 3879 941 3920 ortum
954 3883 1033 3940 quam
1044 3876 1117 3928 ortu,
1133 3863 1179 3918 aed
1188 3865 1272 3935 pluria
1285 3878 1338 3917 ortu
1347 3883 1425 3936 quam

362 3959 445 4006 orem.
459 3967 509 4020 pro
519 3949 607 4003 latinre
622 3949 764 4004 locutionis
776 3949 941 4012 sinceritate,
955 3946 1032 4002 facio.
1042 3945 1129 4012 Quam
1140 3943 1211 3997 enim
1223 3945 1267 3998 hic
1279 3945 1425 3997 accusativo

341 4046 345 4054 ’
361 4027 417 4081 vim
433 4041 460 4082 et
470 4027 688 4100 significationem
699 4029 862 4093 attribuunt,
872 4043 1065 4098 nonuunquam
1078 4035 1105 4079 et
1114 4025 1229 4079 ablativo
1241 4025 1327 4078 inesse
1336 4023 1425 4078 multia

361 4107 487 4180 exemplis
498 4109 680 4164 confirmatur.
692 4109 769 4180 virg.
783 4111 844 4162 AEn.
856 4110 895 4177 11,
907 4107 960 4174 541
973 4125 980 4160 ι
992 4105 1082 4159 «Talis
1090 4106 1117 4159 in
1130 4104 1207 4159 hoste
1220 4104 1272 4158 luit
1282 4105 1397 4158 Priamo.
1409 4129 1420 4150 ι

361 4190 417 4244 cie.
434 4190 492 4258 111,
506 4189 581 4261 epist.
600 4191 707 4243 8:.......
725 4189 813 4242 Suedio
828 4207 907 4241 eorum
924 4187 981 4240 milri
995 4187 1106 4256 ploret-e,
1125 4188 1167 4260 qui
1181 4189 1206 4238 ἰιι
1224 4197 1248 4238 te
1266 4184 1323 4237 berre
1340 4187 1423 4236 rarrlto
