3118 5138
354 525 373 569 c
616 501 859 568 HISTORICA
885 502 941 568 ET
967 503 1149 572 CRlTlCA

352 621 415 685 Sed
436 621 613 709 Hippolyto
632 643 699 685 non
718 621 918 710 intelligitur,
941 623 1015 709 qui,
1036 622 1115 685 dum
1138 623 1190 686 illa
1215 623 1334 687 insanis
1354 624 1417 686 sibi

351 743 465 815 peetus
481 725 617 790 flammis
636 727 687 788 uri
702 724 843 790 declarat
851 773 861 806 ‚
881 741 974 815 putat
989 750 1059 791 eam
1073 744 1161 792 nasto
1174 727 1290 794 Thesei
1305 749 1420 792 eruore

352 835 472 898 furere.
493 833 579 896 Tum
596 829 753 895 Pbaedre:

493 998 653 1070 Hippolyte,
670 998 709 1050 sio
721 1007 777 1049 est:
791 997 887 1050 Thesei
900 998 992 1051 vultus
1003 1017 1063 1051 nmo

491 1087 556 1139 lllos
567 1087 686 1158 priores,
700 1103 767 1158 qnos
780 1087 840 1139 tulit
854 1086 986 1158 qnondam
998 1107 1075 1159 puer,

495 1175 585 1241 Quum
602 1173 689 1247 prime
702 1191 783 1246 puras
797 1175 880 1227 barba
898 1175 1014 1246 signaret
1025 1193 1117 1248 genes,

412 1272 414 1278 ’
493 1263 658 1334 Monstrique
670 1281 767 1316 eaeoem
779 1262 871 1316 Gnosii
885 1261 953 1316 vidit
967 1261 1093 1325 domurn,
1153 1331 1155 1338 y

494 1351 528 1405 Et
541 1350 619 1424 longe
629 1369 711 1403 curse
721 1351 764 1403 lile
777 1349 882 1421 collegit
893 1351 945 1403 via.
1040 1361 1047 1378 ¹

493 1437 562 1503 Quis
572 1449 629 1490 turn
639 1437 684 1489 ille
694 1435 782 1489 fulsit!
796 1451 947 1508 presserant
960 1438 1031 1491 vittoe
1044 1455 1162 1502 comam,

494 1526 528 1578 Et
537 1544 582 1578 ora
592 1525 677 1578 flavus
690 1536 780 1577 tenere
791 1524 908 1595 tingebat
916 1525 1013 1596 pudor.

492 1615 599 1667 Inerant
608 1613 713 1666 lacertis
722 1611 845 1664 mollibus
855 1613 936 1664 sortes
950 1612 1001 1665 tori
1011 1631 1020 1678 ς

494 1701 594 1756 Tutore
603 1700 717 1754 Phoebes
728 1701 831 1765 vultus,
845 1713 892 1753 snt
904 1699 998 1755 Phoebi
1012 1702 1081 1768 mei;

494 1789 621 1863 Tumque
634 1789 737 1860 potins:
750 1788 826 1851 telis,
847 1807 896 1852 en,
910 1787 967 1841 talis
980 1788 1049 1850 fuit,

496 1877 587 1943 Quum
598 1874 698 1948 placuit
711 1873 789 1928 hosti.
799 1873 843 1927 Sic
852 1875 910 1928 tulit
920 1875 1020 1928 celsum
1030 1885 1118 1946 eaput.

494 1963 528 2016 In
539 1975 564 2018 te
575 1963 657 2035 magis
669 1963 782 2034 refulget
792 1963 943 2034 incomptus
955 1962 1049 2030 decor,

495 2053 529 2105 Et
542 2051 643 2123 genitor
657 2050 686 2104 in
699 2063 725 2104 te
738 2061 810 2104 totus
820 2065 831 2104 τ’
847 2063 873 2104 et
889 2064 968 2104 torre
981 2062 1068 2106 tamen

495 2138 559 2190 Pers
572 2137 658 2209 eliqua
674 2137 763 2191 matris
776 2137 868 2190 miscet
881 2156 913 2191 ex
925 2156 1001 2210 equo
1014 2138 1101 2192 decus.

493 2224 527 2277 ln
538 2245 584 2278 ore
594 2225 675 2278 Graio
684 2225 825 2299 Scythicus
835 2238 944 2297 apparet
956 2227 1038 2298 rigor.

492 2313 521 2368 Si
535 2333 595 2366 oum
610 2327 718 2386 parente
732 2314 867 2368 Creticum
880 2314 1003 2369 intrasses
1017 2317 1130 2382 fretum,

489 2402 555 2463 ,Tibi
565 2401 610 2455 fila
622 2402 710 2474 potius
722 2414 812 2456 nostra
823 2403 936 2456 nevisset
949 2422 1036 2458 soror.

495 2491 550 2558 Te,
561 2505 601 2559 te,
614 2509 698 2557 soror,
706 2509 874 2563 quacumque
884 2489 979 2545 siderei
991 2491 1046 2564 poli

493 2578 527 2630 In
544 2589 619 2649 parte
632 2577 717 2649 fulges
726 2615 734 2640 ,
743 2578 838 2631 invoco
848 2580 999 2631 sd'causam
1010 2597 1111 2651 parem.

494 2665 595 2718 Domus
606 2682 707 2718 sorores
717 2681 771 2717 une
782 2665 912 2738 corripuit
922 2665 1005 2724 dnast

495 2751 534 2805 Te
547 2751 659 2822 genitor,
672 2763 701 2804 at
717 2769 760 2804 me
775 2764 861 2806 natus.
870 2752 925 2814 En,
941 2753 1052 2824 supplex
1061 2754 1131 2826 jaret

498 2839 604 2912 Allspsa
617 2837 726 2912 genibus
737 2839 815 2911 regias
826 2840 915 2912 proles
923 2839 1027 2894 domus.

498 2929 626 3000 Responsa
642 2928 702 2980 labe
713 2928 803 2992 nulla,
816 2939 842 2980 et
859 2929 970 2995 intaeta,
985 2928 1128 2993 innoeens;

494 3014 557 3068 Tibi
567 3026 655 3068 mutor
666 3015 721 3068 uni.
733 3014 812 3069 Certe
823 3014 948 3070 descendi
960 3015 995 3070 ad
1007 3033 1107 3086 preoes.

497 3103 592 3157 Finem
606 3103 650 3159 bio
665 3103 751 3158 dolori
763 3105 855 3170 faciet,
869 3118 917 3160 ant
927 3106 986 3159 vitu
999 3105 1068 3160 dies.

498 3191 625 3246 Miserere
636 3192 758 3246 amantis.

361 3351 437 3414 Haec
450 3349 600 3438 quidem,
623 3353 657 3415 in
675 3352 794 3440 quibus
809 3376 902 3418 emor
917 3369 983 3418 tam
999 3354 1083 3418 felici
1104 3375 1138 3418 se
1154 3351 1263 3441 prodit
1278 3352 1422 3441 impetu,

358 3456 454 3544 longa
471 3456 580 3520 forsan
599 3457 779 3525 videantur.
803 3459 868 3524 Sed
892 3459 1036 3524 festinari
1052 3475 1137 3523 vetet
1157 3455 1299 3522 Phaedre
1315 3457 1435 3547 consi--

359 3561 459 3624 lium:
478 3578 624 3652 tempore
638 3563 683 3626 illi
700 3587 782 3653 opus
794 3580 857 3646 est,
873 3581 912 3629 ut
924 3587 960 3628 ee
975 3564 1067 3629 fateri
1078 3562 1211 3645 audeat,
1229 3585 1301 3650 quoe
1318 3584 1424 3650 quau-

359 3665 438 3729 tavis
447 3667 621 3732 verborum
630 3669 879 3756 praemunitione
889 3669 992 3733 levata
1004 3685 1036 3734 et
1050 3685 1242 3756 temperata,
1256 3683 1424 3732 austerum

358 3770 509 3850 juvenem
526 3773 601 3836 satis
617 3794 779 3862 superque
795 3789 922 3838 motura
939 3773 1030 3861 sint(
1053 3773 1076 3859 ).

408 4007 446 4072 (r)
473 4005 576 4059 Partem
600 4007 682 4079 bujus
712 4021 797 4062 scente
829 4008 962 4061 transtulit
990 4011 1082 4060 Rarius
1114 4009 1141 4061 in
1169 4025 1254 4062 suarn'
1269 4007 1423 4070 Phaedram,

360 4105 410 4147 sot.
434 4094 478 4158 ll,
505 4111 575 4150 soen.
596 4093 620 4147 5.
640 4095 741 4150 Verum
760 4095 789 4150 in
814 4095 963 4162 imitatore,
986 4108 1016 4150 ut
1038 4094 1105 4150 mihi
1121 4096 1243 4158 videtur,
1266 4113 1364 4168 magna
1386 4098 1425 4151 sis
