3118 5138
365 525 416 594 IN
441 523 712 592 TRAGOEDIIS
736 527 929 596 SENECAE.
1085 534 1178 627 exvij

30 627 31 634 ἵ
107 654 208 717 chaos
239 653 418 735 admixtis,
446 670 484 717 ut
508 653 761 744 solet,dactylis
780 671 813 720 et
834 659 1008 750 spondeis,
1033 665 1122 750 quod
1145 667 1178 728 in

106 765 356 849 Agamemnone
371 759 451 823 locis
469 757 675 824 solummodo
691 760 822 827 duobus
835 763 991 852 legimus,

227 885 362 938 Vidimus
374 883 488 956 patriam
499 895 622 937 ruentem
633 898 711 939 nocte
720 872 842 952 mnata,

227 973 361 1027 Vidimus
371 973 494 1025 simulata
505 971 576 1026 dona
588 973 666 1026 molis
676 974 818 1028 immense.

246 1065 566 1108 .0.00.0.0
600 1069 655 1105 .υ
688 1081 744 1096 ..
783 1083 798 1096 .

147 1206 185 1268 V.
208 1206 435 1270 Trochaicum
457 1221 677 1271 tetrametrum
694 1209 904 1291 catalectum,
929 1213 1106 1279 trochaeum
1126 1238 1177 1280 re·

110 1311 180 1400 cipit
200 1311 289 1376 locis
311 1313 484 1393 omnibus,
511 1313 652 1399 exceptis
675 1331 792 1400 quarto
812 1331 845 1379 et
867 1331 975 1399 sexto,
998 1317 1032 1382 in
1055 1321 1175 1406 quibus

70 1455 76 1465 «
110 1416 193 1502 quasi
216 1417 345 1482 tibicen
368 1418 501 1490 firlcitur
519 1415 702 1504 spondeus,
729 1403 923 1484 firmamenti
947 1424 1174 1514 gravitatisque

111 1543 210 1586 musa.
246 1523 385 1613 Integre
416 1543 535 1612 purum
570 1545 699 1586 carmen
725 1523 789 1588 hoc
818 1547 939 1612 ponere
966 1529 1076 1617 tragici
1106 1553 1173 1595 non

111 1627 227 1710 solent3
246 1651 328 1692 nam
347 1627 439 1715 quod
456 1627 524 1692 aliis
542 1627 645 1715 poetis
668 1627 787 1692 decoro
808 1646 873 1711 est,
898 1631 931 1693 in
953 1631 1003 1696 his
1019 1635 1174 1700 vitiosum

111 1749 260 1818 putatur,
283 1733 453 1798 Victorino
481 1749 514 1796 et
537 1732 649 1799 Attilio
674 1734 876 1798 testantibus.
896 1735 935 1798 ln
958 1737 1062 1824 prima
1080 1740 1171 1824 sede,

112 1850 220 1920 praeter
243 1835 450 1916 trocheum,
485 1856 582 1922 quem
608 1853 736 1922 semper
760 1851 799 1898 ut
819 1836 999 1923 legitimum
1019 1839 1174 1929 intelligo,

114 1939 309 2005 collocantur
333 1940 493 2030 dactylus,
518 1939 697 2028 tribrachys
719 1941 728 2003 Ξ
748 1940 781 2002 in
804 1941 964 2024 secunda,
990 1944 1172 2031 spondeus,

114 2041 270 2133 dactylus,
287 2061 489 2134 anapaestus:
506 2045 540 2107 in
558 2045 670 2126 tertia,
687 2044 886 2134 tribrachys:
903 2047 936 2110 in
956 2064 1086 2134 quarta,
1102 2053 1173 2115 uni·

115 2172 164 2213 cus
178 2151 348 2239 spondeus
363 2174 371 2215 :
388 2152 566 2238 inquieta,
585 2150 729 2238 dactylus
743 2167 776 2214 et
792 2152 970 2242 tribrachys
986 2177 994 2218 :
1010 2155 1044 2218 in
1062 2173 1169 2239 sexta,

116 2278 216 2322 rursus
230 2257 416 2347 spondeus,
428 2273 461 2322 et
471 2256 569 2320 semel
578 2257 740 2345 dactylus,
757 2259 855 2322 semel
871 2259 1067 2350 tribrachys,
1083 2263 1170 2351 apud

116 2361 193 2426 hunc
209 2362 363 2428 uidelicet
377 2380 542 2428 auctorem
561 2384 568 2426 :
588 2363 622 2425 in
641 2362 776 2450 septima
794 2365 972 2428 necessario
991 2366 1169 2433 trochaeus:

117 2466 223 2554 syllaba
238 2467 410 2534 abundans
422 2467 519 2555 (utin
532 2467 639 2531 omnis
649 2467 799 2532 carminis
815 2467 900 2555 fine)
913 2487 961 2534 est
969 2471 1168 2538 indifferens.

117 2569 171 2636 Hes
183 2573 304 2661 pedum
318 2573 514 2638 diversitates
530 2573 700 2638 observare
714 2574 790 2638 licet
803 2574 837 2636 in
850 2576 1009 2664 tragoediis
1024 2577 1168 2660 duabus,

117 2694 192 2742 extra
206 2679 374 2761 Chorum,
392 2703 509 2769 nempe
527 2680 561 2743 in
578 2702 749 2743 scenarum
765 2679 920 2764 exordiis,
942 2699 980 2746 ut
997 2683 1030 2746 in
1049 2685 1169 2774 Hippo-

116 2783 174 2869 lyto
185 2802 218 2849 et
228 2785 360 2850 Medea:
373 2786 472 2850 semel
483 2801 611 2848 tantum
624 2785 657 2848 in
672 2807 776 2848 scente
794 2785 918 2868 medio,
929 2789 1009 2851 utin
1022 2788 1162 2877 OEdipo.
1190 2827 1192 2832 ,

116 2887 174 2953 lios
188 2890 390 2981 simplicioris
405 2913 517 2955 versus
535 2889 719 2976 exemplum
737 2890 962 2973 subjiciemus,

224 3021 258 3074 Et
271 3023 329 3094 pias
342 3041 441 3076 numen
455 3033 591 3094 precatus,
605 3019 655 3072 rite
665 3019 773 3072 submisi
784 3039 885 3073 manus.

151 3141 189 3206 Et
208 3143 291 3208 illius
307 3143 394 3233 apud
416 3143 606 3208 Terentium
633 3141 667 3203 in
685 3143 1075 3225 Heautontimorumeno,
1107 3149 1164 3234 qui

117 3250 313 3314 monrium
329 3251 398 3330 ejus
417 3249 537 3314 Comici
555 3247 766 3337 purissimus:

224 3380 275 3432 Vis
285 3399 391 3447 eruere,
407 3381 448 3432 vis
457 3373 537 3451 potiri
545 3417 552 3444 ,
560 3378 598 3430 ris
611 3375 684 3448 quod
695 3375 733 3428 illi
744 3375 790 3429 des
797 3415 805 3440 ,
821 3377 899 3430 effici.

241 3478 367 3518 ‚gy-0
415 3477 537 3513 .0..
574 3484 589 3498 .
636 3473 656 3511 υ
692 3484 772 3498 ...
815 3471 888 3510 ,0.

150 3596 397 3663 Trochaicorum
415 3615 536 3664 restant
547 3597 607 3660 alia
618 3594 764 3682 quaedam
780 3619 913 3686 genera,
931 3597 1050 3685 quibus
1062 3603 1161 3664 semel

113 3717 161 3763 aut
180 3702 294 3768 iterum
320 3707 369 3769 uti
386 3705 486 3769 Poeta
508 3707 583 3767 satis
602 3702 730 3784 habuit,
748 3725 820 3790 quae
838 3725 878 3766 cx
895 3704 1030 3791 impuris
1048 3722 1081 3770 et
1098 3707 1161 3770 irn-

112 3809 248 3892 perfectis
264 3812 443 3900 composita
461 3827 493 3875 ct
511 3807 602 3896 quasi
618 3806 838 3895 conglutinata
854 3825 940 3873 sunt.

150 3913 311 3999 Primum,
331 3918 453 4006 pedum
470 3912 628 4004 quatuor5
646 3929 684 3976 ut
701 3913 734 3975 in
752 3914 1011 4000 Agamemnone,

222 4031 366 4104 llespernm
379 4032 431 4086 dici
441 4053 448 4088 :
460 4051 555 4087 aurora
566 4035 657 4090 morit.

238 4139 253 4154 ·
287 4133 307 4168 0
330 4141 346 4157 .
385 4142 400 4156 .
415 4141 431 4156 .
470 4143 486 4156 .
502 4143 517 4156 .
531 4130 550 4166 ω
579 4143 595 4158 .
618 4143 633 4157 .
