3168 5140
402 523 474 592 ψ
687 499 725 564 L.
755 495 929 563 ANNAEI
957 493 1174 564 sannen

506 626 609 696 Fulsit
626 627 703 694 hinc
722 625 810 694 illinc
828 628 969 719 agitatus
987 627 1097 712 ensis,-

506 738 614 822 Quem
631 747 745 800 movet
762 731 881 799 crebro
899 730 1097 800 furibundus
1117 735 1185 803 ictu

505 841 703 933 Sanguinem
722 839 859 908 Mavors
876 839 1011 932 cupiens
1029 854 1215 923 recentem;

507 946 676 1040 Opprimit
694 943 838 1030 ferrum,
856 943 1073 1038 manibusque
1089 945 1209 1038 junctis

508 1053 609 1121 Ducit
627 1050 668 1120 ad
686 1075 802 1144 pacem
823 1051 928 1144 pietas
945 1064 1111 1146 negantes.

507 1161 623 1226 Otium
641 1171 735 1226 tanto
752 1157 897 1226 subitum
911 1181 930 1224 e
944 1155 1087 1226 tumultu

510 1265 594 1351 Quis
616 1262 696 1330 deus
715 1260 816 1331 fecit?
833 1263 937 1331 Modo
957 1287 1017 1356 per
1034 1266 1191 1355 Mycenas

508 1377 609 1437 Arma
628 1367 731 1437 civilis
749 1393 908 1462 crepuere
926 1367 1021 1436 belli:

508 1473 638 1544 Pallidae
659 1488 753 1543 natos
772 1489 907 1542 tenuere
923 1488 1064 1558 matres,

508 1585 603 1650 Uxor
620 1595 748 1648 armato
766 1582 876 1648 timuit
892 1582 1029 1667 marito,

508 1689 620 1775 Quum
640 1709 773 1754 manum
793 1687 914 1755 invitus
932 1701 1124 1780 sequeretur
1146 1687 1252 1772 ensis,
1428 1715 1462 1751 sss

509 1791 667 1862 Sordidus
683 1794 774 1887 pacis
791 1793 871 1860 vitio
888 1794 1014 1886 quieta.

508 1899 567 1967 llle
585 1897 730 1968 labentes
750 1922 909 1967 renovare
927 1922 1060 1983 muros3

406 2093 461 2154 111,
482 2091 534 2152 184
551 2107 557 2140 :
577 2115 588 2134 ·
601 2101 627 2140 et
641 2089 746 2140 stabulo
761 2088 851 2140 frenos
866 2105 912 2140 au·
956 2091 1034 2152 rioso,
1052 2087 1173 2142 XXVII.
1195 2107 1259 2152 101,
1274 2088 1304 2140 Si
1317 2090 1463 2140 striaserale

405 2172 463 2224 dire
474 2181 603 2222 sonantes.
615 2193 626 2214 ι
641 2200 679 2209 -
696 2169 800 2219 Turmoe.
813 2167 913 2220 Seneca
956 2167 1034 2218 madri
1049 2170 1058 2218 i
1071 2164 1132 2236 figli
1145 2164 1174 2217 aI
1190 2187 1253 2220 seno.
1270 2169 1305 2220 At
1321 2166 1461 2222 desiderari

405 2248 537 2303 veteribus
547 2247 647 2300 Graecis
658 2248 791 2299 Romanos
802 2263 874 2311 usus,
883 2257 913 2298 ut
956 2242 1057 2316 aliquid
1071 2245 1138 2298 mihi
1155 2245 1261 2299 ridetur
1274 2261 1304 2299 nt
1318 2248 1363 2301 hic
1375 2267 1462 2302 sensus

406 2330 486 2393 solet,
499 2327 636 2380 attribuit:
650 2337 726 2377 turma
737 2326 809 2378 enirn
819 2327 914 2378 Roma·
956 2325 1035 2396 plane
1048 2323 1210 2388 declaretur,
1225 2343 1275 2378 nec
1290 2327 1352 2380 satis
1365 2347 1419 2382 esse
1429 2341 1460 2378 re-

406 2427 501 2462 nerum
515 2405 625 2478 propria
639 2405 698 2458 luit.
956 2425 1026 2456 nuere
1044 2403 1077 2457 ad
1094 2406 1278 2477 exprimendos
1293 2419 1407 2460 matrum
1423 2410 1461 2478 pi·

446 2488 511 2540 555.
534 2486 622 2538 Falsr't.
642 2483 694 2536 Pro
714 2496 737 2534 et
753 2485 844 2550 fulsit,
865 2497 912 2542 aut
956 2503 1040 2555 gnora
1062 2503 1109 2536 sua
1133 2487 1232 2555 pectori
1257 2487 1461 2556 apprimentium

405 2567 563 2640 qaumsulsit.
956 2565 1118 2635 complexus.
1143 2565 1228 2618 Setius
1247 2566 1330 2636 igitur
1352 2568 1461 2620 arbitror

447 2649 512 2715 557.
526 2647 657 2697 decentem.
672 2643 831 2712 Sanguinem
845 2661 912 2696 sem·
956 2644 1076 2715 accipere
1090 2656 1182 2696 tenuere
1195 2663 1245 2715 pro
1258 2649 1384 2709 naiman,
1401 2647 1461 2698 rolu-

406 2743 576 2800 pernotum.
957 2723 1107 2796 buemquae
1116 2735 1154 2776 est
1164 2723 1335 2778 usitatissima
1344 2726 1462 2778 vocabuli

447 2806 512 2859 558.
531 2802 758 2875 Opprimitfierrum,
772 2814 821 2854 etc.
836 2803 913 2855 Post·
957 2815 1033 2854 tenere
1044 2801 1208 2874 significatio.
1220 2805 1275 2858 Cic.
1287 2805 1366 2876 epist.
1376 2805 1409 2858 ad
1421 2809 1462 2857 At·

406 2905 484 2959 quam
510 2885 548 2936 ira
578 2881 747 2946 conferbuit,
773 2895 912 2952 postquam
956 2883 1000 2936 tic.
1012 2883 1052 2934 xt
1059 2921 1066 2949 ,
1082 2884 1096 2936 3
1112 2900 1119 2932 :
1136 2883 1209 2947 Eum,
1225 2888 1266 2955 qai
1278 2885 1361 2936 literas
1373 2887 1459 2946 attulit,

406 2985 480 3020 enses
504 2964 566 3016 hinc
593 2961 666 3013 illinc
691 2961 779 3031 agitati
801 2961 913 3026 fulsere,
956 2961 1045 3014 diatim
1070 2967 1143 3026 tenui,
1168 2967 1224 3034 qaia
1247 2965 1353 3035 prioridie
1375 2963 1464 3038 aliquid

407 3047 488 3118 pietas
502 3043 564 3096 ferri
578 3041 702 3094 saevitiam
714 3053 830 3106 coercet,
844 3041 912 3093 invi·
930 3049 934 3054 '
957 3045 1012 3093 novt
1026 3042 1226 3112 exspectabamus.
1241 3044 1317 3114 Virg.
1334 3048 1395 3097 AEn.
1417 3045 1461 3108 rt,

407 3141 500 3197 tosque
509 3135 535 3176 et
544 3122 704 3174 reluctantes
716 3121 809 3173 fratres
822 3119 854 3172 ad
867 3141 912 3192 pa·
959 3121 1013 3173 308
1027 3140 1033 3173 :
1051 3123 1123 3173 -ttec
1136 3123 1265 3175 moritura
1280 3135 1354 3176 tenet
1367 3121 1460 3177 crudeli

407 3225 464 3258 cem
484 3201 603 3266 reducit,
621 3198 773 3270 dextraque
793 3197 912 3252 dextram
957 3201 1049 3254 funere
1061 3200 1151 3254 Dido?
1165 3229 1175 3248 ι

404 3291 514 3359 jungere
529 3279 619 3352 adigit.
1000 3280 1171 3334 565.1m·nas
1190 3293 1333 3353 sequeretur.
1355 3281 1462 3353 Propter

449 3365 515 3418 563.
533 3361 639 3418 Pallida
659 3373 742 3422 natos,
763 3372 811 3413 etc.
833 3358 914 3412 Filios
959 3359 1042 3413 civilis
1061 3373 1087 3413 et
1105 3359 1242 3414 domestici
1261 3362 1326 3415 belli
1346 3362 1461 3414 immani·

407 3464 467 3498 suos
484 3455 567 3495 mater
584 3452 630 3492 aut
646 3440 766 3510 astringit
781 3439 911 3501 infantes,
961 3451 1050 3492 tatem.
1221 3491 1225 3502 ,
1309 3457 1312 3462 ’

407 3521 521 3596 quodam
533 3525 633 3574 terrore
642 3519 832 3590 perculsa,aut
844 3537 915 3570 com·
1000 3519 1064 3572 566.
1084 3519 1208 3572 Sordr'dm.
1227 3521 1280 3574 Cui
1298 3540 1350 3591 pax
1366 3521 1462 3591 rubigi-

407 3604 532 3675 plectitur
559 3598 679 3660 adultos,
707 3617 741 3650 ne
767 3596 800 3651 ad
825 3597 915 3668 praelia
957 3597 1195 3652 nemohduxit.'-
1203 3601 1276 3652 Pacis
1285 3603 1356 3654 vitio.
1369 3601 1461 3653 Forsan

407 3696 494 3736 ruant.
508 3682 659 3750 Utrumque
672 3696 778 3731 sensum
791 3677 915 3748 probavit
957 3696 1051 3748 parum
1077 3679 1216 3731 conveniat
1244 3683 1306 3730 vitio
1332 3682 1462 3734 sententie

407 3764 556 3816 Gruterus:
573 3759 690 3830 priorem
706 3770 808 3810 tantum
824 3758 915 3810 Delrio
957 3771 1077 3830 poeteet
1089 3777 1181 3811 senum
1193 3759 1396 3830 Mycenaeorum
1408 3778 1462 3830 pro

407 3855 432 3894 et
455 3840 607 3894 Gronovius
630 3837 772 3910 significari
796 3835 914 3890 credide·
958 3837 1059 3908 posito,
1074 3836 1201 3892 damnant
1216 3837 1287 3891 errim
1304 3840 1406 3892 belim
1420 3857 1462 3910 pa·

406 3933 483 3983 ruut,
491 3919 563 3986 quasi
571 3917 686 3971 imitatus
692 3918 725 3970 sit
735 3917 830 3970 Noster
838 3917 915 3986 Virg.
957 3927 1067 3988 cemque
1075 3915 1198 3982 laudant,
1208 3929 1233 3970 et
1242 3921 1304 3970 visa
1310 3924 1389 3988 pacis,
1400 3937 1462 3990 quo-

407 4003 466 4052 AEu.
476 3999 545 4062 vll,
557 3999 628 4050 ⁵18:
640 3997 690 4050 .Et
700 3994 809 4068 trepida
818 4009 914 4048 matres
957 4015 1011 4067 quo
1022 3994 1104 4048 modo
1118 3997 1316 4068 interpreteris,
1330 4001 1420 4069 potius
1432 3995 1462 4049 ad

405 4097 521 4149 pressere
537 4075 570 4128 ad
586 4087 691 4146 pectora
708 4089 823 4140 natos»,
840 4075 912 4146 quod
957 4077 1134 4147 culpationem
1150 4076 1285 4130 diuturne
1301 4079 1374 4148 pacis
1389 4096 1462 4149 quam
1557 4105 1558 4116 .

403 4160 529 4230 expressit
547 4169 573 4209 et
588 4159 688 4208 Ariasto
701 4156 729 4208 in
749 4155 860 4208 Orlaado
868 4157 912 4220 sa·
958 4155 989 4208 ad
1004 4154 1181 4210 laudationem
1194 4157 1320 4227 pertinet.
