3210 5140
392 501 462 572 186
579 501 633 570 IN
662 502 945 572 HERCULEM
972 501 1256 570 FURENTEM

389 629 597 684 modulationem
616 631 796 702 scrupulosius
817 631 961 685 trutineris.
983 665 1023 676 -
1043 629 1105 684 cett
1122 631 1200 686 decim
1218 631 1329 704 Legitur
1348 633 1406 685 dens
1427 637 1453 687 in

390 711 486 764 Parios.
504 711 602 763 nostris
617 711 693 780 6395
707 723 735 764 et
751 715 839 781 8029.

431 789 497 860 593.
513 790 600 842 Curru.
614 788 715 843 tesard.
729 810 807 844 cttrsu.

433 868 498 939 ⁵97·
515 872 627 924 Arsam.
646 870 721 923 MSS.
737 871 823 924 nostri
836 882 862 923 et
875 867 937 924 edd.
954 882 1018 922 vett.
1033 883 1136 933 secreta,
1156 868 1231 940 quod
1246 883 1276 922 ut
1291 889 1454 942 reponamus

390 967 446 1002 non
462 950 527 1002 tanti
542 961 590 1001 est.

432 1028 499 1098 598.
514 1029 625 1082 Fulmina
639 1033 754 1100 opposito.
771 1029 849 1082 Fam.
865 1041 892 1082 et
904 1029 987 1098 Thys
1003 1033 1120 1100 apposito.

431 1110 497 1171 604.
507 1109 577 1176 'Quae
586 1111 666 1178 jtusit.
680 1109 812 1162 Nonnulli
825 1107 913 1168 MSS..
929 1109 998 1184 inter
1012 1127 1080 1179 quos
1093 1108 1283 1178 lingentium,
1299 1109 1400 1162 habent
1413 1116 1453 1180 qui

385 1189 469 1256 jussit,
484 1185 557 1259 quod
572 1189 699 1241 Commel.
712 1201 739 1242 et
752 1189 863 1261 Raphel.
875 1187 999 1250 edidere,
1012 1191 1053 1258 qui
1063 1186 1096 1240 ad
1107 1188 1286 1258 Eurystheum
1298 1189 1451 1242 relerentes.

391 1265 443 1319 Sed
460 1268 562 1338 optime
576 1266 674 1322 Baden.
695 1270 722 1322 in
740 1269 854 1340 Specim.
871 1280 897 1321 et
914 1269 942 1320 in
960 1266 1024 1320 edit.
1041 1259 1144 1335 (1821)
1158 1265 1295 1321 adnotavit
1311 1281 1403 1339 patere
1418 1287 1453 1322 ex

391 1364 469 1400 versu
483 1348 539 1416 6ιὸ
553 1345 655 1401 labores
665 1367 726 1402 suos
739 1343 880 1402 Herculem
892 1347 908 1398 J
911 1347 994 1400 unoni
1006 1347 1186 1418 imputare‚et
1194 1349 1249 1417 jam
1261 1347 1357 1402 dixisse
1369 1349 1385 1400 J
1388 1367 1454 1402 uno-

390 1443 452 1479 nem
466 1447 491 1480 ι.
508 1431 561 1492 62,
577 1431 645 1480 timui
657 1431 790 1498 impetrasse.
806 1428 938 1481 Ceterum
952 1431 994 1498 qui
1001 1429 1077 1498 jussit
1088 1427 1117 1479 in
1132 1427 1256 1480 omnibus
1271 1440 1337 1481 vett.
1352 1427 1453 1481 excusis

391 1507 540 1577 reperitur,
557 1507 636 1561 Fero.
653 1507 755 1562 lsosrd.
767 1505 855 1579 AEgid.
870 1510 977 1560 Ascens.
991 1509 1085 1560 Avant.
1100 1507 1178 1560 Vian.
1195 1507 1266 1562 Petr.
1283 1508 1387 1562 Fabrio.
1401 1521 1451 1561 etc.

391 1583 434 1640 Sic
449 1605 557 1658 quoque
573 1586 629 1640 MS.
647 1587 728 1641 Poris.
748 1591 834 1643 8262,
850 1590 882 1640 In
898 1584 990 1640 decem
1006 1585 1063 1638 eliis
1080 1587 1194 1650 nostris,
1209 1607 1262 1659 quse
1277 1592 1360 1651 veste,
1377 1601 1408 1640 ut
1424 1589 1452 1640 iu

392 1663 547 1736 Philologo,
558 1666 632 1737 quod
645 1685 724 1720 sensu
739 1681 818 1720 caret.

433 1747 499 1798 611.
515 1745 637 1815 Quiddam
645 1752 752 1817 gravius.
764 1748 841 1800 Fern.
853 1743 953 1799 Isoard.
966 1763 1026 1798 cum
1039 1763 1084 1798 ser
1096 1745 1173 1798 ttss.
1187 1746 1280 1800 Pariss.
1293 1747 1386 1819 quidest
1395 1767 1454 1817 gru·

392 1826 452 1888 vius,
466 1839 630 1898 repugnante
644 1838 739 1880 metro.

431 1904 498 1960 613.
517 1906 627 1960 Ostendi.
643 1907 748 1980 Gryph.
764 1905 828 1958 edit.
843 1919 871 1960 et
884 1903 965 1956 Paris.
983 1904 1074 1968 8030,
1086 1904 1187 1970 essendi.

432 1987 500 2048 614.
513 1987 564 2049 Da,
579 1989 601 2038 si
612 1987 675 2059 quid
690 1985 791 2040 Isoard.
804 1984 890 2057 AEgid.
901 2003 957 2036 uam
968 1983 1064 2056 siquid.
1076 2017 1116 2028 -
1130 1985 1191 2037 Tam
1203 1983 1253 2036 diu.
1264 1988 1361 2038 Avant.
1372 1985 1452 2038 Viso.

391 2061 463 2116 Petr.
483 2063 586 2117 Febris.
605 2083 660 2118 ιιιιιι
677 2067 735 2130 diu,
754 2063 904 2136 languidius
923 2081 1003 2138 quam
1022 2063 1136 2135 vulgata.
1155 2063 1234 2116 Both.
1254 2067 1367 2136 conjecit
1382 2067 1451 2134 jam,-

333 2157 337 2172 '
390 2142 498 2196 frustra.

433 2222 499 2275 615.
515 2223 577 2293 Qua
598 2227 672 2276 uisci.
687 2226 761 2279 vest.
775 2222 837 2278 edd.
858 2223 918 2297 quid
933 2227 1007 2286 vinci.
1029 2223 1070 2274 Ex
1090 2223 1207 2276 Florent.
1225 2223 1385 2278 recentiores
1400 2245 1452 2296 quc

392 2303 459 2354 vinci
471 2299 594 2368 edidere,
610 2331 621 2352 ι
632 2304 735 2374 sicque,
751 2305 868 2357 sitrecte
880 2301 1030 2366 Badonius,
1042 2300 1152 2356 suadent
1163 2321 1252 2366 aures,
1266 2302 1452 2357 defatiscentes

390 2380 573 2434 similitudinis
592 2384 723 2444 satietate,
743 2401 823 2455 quarn
838 2383 916 2436 affert
934 2382 1112 2453 tergeminum
1130 2383 1190 2454 quid
1206 2393 1280 2434 restat
1294 2383 1379 2446 alind,
1396 2385 1455 2456 quid

391 2461 455 2512 ultra
471 2474 522 2524 est,
539 2462 598 2532 quid
609 2465 676 2514 uinci
683 2463 753 2532 judas
768 2489 791 2514 ι.

431 2542 499 2610 619.
514 2541 557 2593 Ars
572 2541 612 2593 ttts
625 2543 737 2606 domitor,
752 2555 802 2596 etc.
817 2541 948 2595 Numeros
962 2540 1138 2594 debilissimos
1153 2559 1208 2594 esee
1222 2554 1302 2602 ratus,
1317 2542 1453 2595 substituit

347 2651 349 2662 ι
389 2619 467 2672 eoru
482 2621 526 2674 An
540 2621 603 2673 orbas
616 2623 657 2673 ilie
671 2622 788 2675 edomitos
800 2634 824 2672 et
841 2620 943 2675 Gratim
956 2621 1026 2674 &cus
1043 2619 1113 2674 :sed
1128 2639 1257 2692 nusquam
1272 2621 1408 2674 invenitur
1423 2623 1451 2674 iu

389 2699 491 2771 scriptt.
505 2701 561 2753 latt.
575 2701 705 2765 edomitos,
723 2715 750 2754 et
766 2702 850 2754 miror
864 2699 939 2772 quod
952 2701 1074 2754 moluerit
1087 2701 1127 2752 vir
1144 2699 1309 2754 doctissimus
1326 2702 1452 2754 Senecam

391 2779 419 2830 in
430 2780 502 2850 justo
515 2783 644 2834 sermonis
656 2794 683 2834 et
697 2781 794 2854 lingna
807 2800 857 2834 usu
870 2799 950 2852 quam
962 2781 990 2832 in
1007 2781 1124 2834 numeris
1136 2781 1291 2852 peccavisse.
1304 2775 1380 2842 (vid.
1395 2799 1453 2852 qun

392 2877 451 2929 sup.
464 2871 554 2914 notav.
569 2859 602 2914 sd
618 2879 686 2915 vers.
701 2861 774 2931 592,
788 2863 815 2914 in
829 2860 871 2914 his
886 2860 949 2932 ipsis
963 2851 1115 2924 Animsdv.)

430 2941 496 2992 tino.
514 2939 634 2994 Silentsm.
653 2943 748 2996 Avant.
764 2943 843 2995 Vian.
860 2940 964 3013 Gryph.
983 2940 1054 2993 Petr.
1073 2939 1452 3012 Fabric.Commel.llspl1el.

388 3019 496 3074 silentum
504 3040 514 3081 ,·
534 3039 588 3091 qua
606 3021 753 3075 mutatione
772 3041 827 3074 non
847 3039 917 3093 opus
935 3032 981 3072 est.
1002 3021 1086 3092 Hipp.
1108 3039 1159 3074 arr
1185 3038 1192 3072 :
1218 3018 1309 3073 uAdiit
1329 3020 1452 3074 silentem

390 3113 468 3153 nocte
483 3113 611 3172 perpetua
626 3099 745 3154 domum.
759 3127 770 3148 ι
788 3099 887 3154 Omnes
900 3117 985 3171 prope
999 3099 1077 3152 MSS.
1089 3101 1204 3152 silentem.

429 3181 494 3233 622.
510 3180 584 3234 Certa
598 3194 622 3233 et
635 3201 697 3234 sera.
711 3181 814 3235 Mavult
829 3181 907 3234 Both.
924 3191 1004 3241 serta,
1022 3191 1049 3229 at
1061 3199 1130 3242 sera,
1146 3178 1219 3251 quod
1232 3181 1287 3250 jam
1300 3177 1453 3233 laudaverat

388 3257 446 3312 lac.
458 3260 578 3318 Gronov.
593 3262 620 3314 in
635 3260 745 3316 Schedis
759 3262 844 3314 Diete.
860 3262 893 3312 In
906 3261 981 3330 pejus
994 3271 1132 3312 mutatum.

430 3340 496 3393 623.
521 3343 628 3394 Teneone
646 3347 672 3394 itt
691 3362 763 3394 auras
781 3341 878 3394 edituus.
897 3339 1020 3409 Plerique
1036 3337 1111 3391 MSS.
1129 3350 1156 3391 et
1173 3351 1237 3391 vett.
1257 3336 1319 3392 edd.
1341 3357 1453 3390 ὐειιιιιυιι

390 3437 460 3470 urso
477 3439 571 3491 carptis,
591 3419 665 3492 quod
685 3422 796 3492 intelligi
814 3433 841 3472 et
861 3419 925 3474 terri
944 3418 1040 3489 potuit.
1061 3416 1114 3472 Sed
1131 3418 1203 3490 Lips.
1223 3437 1255 3471 ex
1275 3431 1366 3470 vetere
1384 3418 1453 3471 libro

396 3499 502 3550 Teneone
519 3503 544 3552 in
562 3521 633 3554 eursu
651 3503 738 3554 editum
757 3499 863 3564 eduxit,
881 3495 956 3570 quod
975 3489 1151 3568 deprehendit
1169 3517 1276 3570 quoque
1295 3497 1406 3568 Rsphel.
1425 3498 1452 3550 in

392 3577 549 3633 Ortelian0:
566 3581 610 3634 hic
626 3597 712 3635 sutem
728 3595 755 3635 et
768 3581 859 3634 llelrio
872 3578 1004 3648 vulgatam
1016 3590 1233 3650 anteposuerunt.
1248 3577 1309 3630 Post
1324 3596 1370 3630 eos
1384 3578 1452 3630 Gro-

392 3658 487 3711 novius
501 3660 584 3732 Lipsii
599 3661 739 3714 lectionem
754 3660 858 3713 Etrusci
873 3657 972 3712 codicis
984 3659 1141 3711 suctoritate
1156 3657 1338 3722 confirmavit,
1354 3669 1382 3708 et
1395 3658 1453 3710 sul·

393 3748 451 3809 gata
468 3739 549 3810 louge
567 3741 754 3813 elegantiorem
771 3739 861 3794 multis
880 3739 1037 3809 approbavit
1051 3737 1177 3808 exemplis
1192 3727 1264 3803 (vid.
1287 3755 1346 3808 quse
1363 3748 1452 3789 notsv.

393 3837 420 3889 p.
436 3813 543 3888 75).=In
558 3819 615 3873 MS.
629 3821 709 3875 Paris.
723 3821 796 3874 8036
812 3832 923 3889 utreque
939 3818 1056 3870 occurrit
1068 3817 1163 3870 lectio:
1182 3817 1322 3869 sTeneone
1335 3817 1364 3868 in
1380 3834 1454 3867 auras

391 3896 510 3966 editum,
522 3919 555 3952 an
566 3919 647 3953 vaona
662 3900 741 3954 iuro?
751 3902 887 3952 Verumne
897 3916 978 3951 cerno
990 3916 1099 3968 corpus,
1113 3916 1146 3948 un
1161 3897 1238 3949 fallor
1249 3897 1290 3948 vel
1303 3909 1348 3948 tua
1361 3894 1454 3948 videns

393 3980 524 4049 Deceptus
544 3981 679 4034 umbrrt.
700 4013 740 4024 --
757 3982 801 4034 Art
819 3999 884 4030 vona
899 3978 980 4045 fretur.
1000 3977 1043 4030 Sic
1061 3979 1089 4028 in
1110 3977 1208 4030 Meliss.
1228 3976 1328 4046 lipsii,
1348 3977 1451 4028 Etruso.

392 4057 538 4124 Grnnmii,
554 4059 630 4114 editt.
646 4061 730 4114 Soriv.
746 4073 773 4112 et
787 4059 973 4112 recentiorum.
987 4059 1058 4109 Vett.
1075 4055 1135 4110 edd.
1153 4070 1180 4110 ct
1197 4055 1319 4108 mumulli
1334 4055 1406 4107 MSS.
1423 4074 1455 4104 aa

384 4137 465 4206 fallor
480 4149 530 4190 tue.
545 4139 638 4193 Rariss.
655 4143 738 4204 8031,
755 4139 840 4202 8035,
853 4140 939 4200 8260,
956 4157 986 4188 un
1000 4137 1074 4196 sullam
1087 4137 1188 4196 videns:
1204 4136 1264 4198 alii,
1278 4154 1310 4186 an
1322 4136 1402 4202 folior
1415 4135 1457 4184 uel

392 4232 433 4272 tua
445 4217 538 4270 suem.
