3090 5142
484 531 792 602 DISSERTATIO.
1094 531 1166 631 lxxj

91 645 220 738 quidem
244 647 283 712 in
304 670 405 716 scena
428 651 670 739 preclarissime
695 665 844 740 pugnant
862 667 895 716 et
909 651 1077 718 luctantur
1091 653 1170 722 hinc

92 753 301 821 vescendus
316 754 438 844 pudor,
456 757 546 822 illinc
559 759 744 824 violentaet
755 757 807 822 sui
821 756 983 846 impotens
999 760 1168 848 cupiditas.
1191 806 1198 820 .

94 863 164 928 uu
182 862 340 952 Euripid.
361 865 496 955 Hippol.
517 889 547 932 v.
569 865 632 955 337
652 882 686 932 et
702 889 792 955 seqq.
817 865 851 928 in
870 865 990 954 quihus
1008 889 1077 932 nou
1100 885 1165 934 tam

94 970 195 1062 sperit
219 993 387 1054 amorem,
403 994 503 1061 quam
528 990 680 1038 materoae
702 973 796 1038 sortis
822 973 1027 1039 miseratione
1048 974 1166 1042 innuit.
1280 1029 1283 1040 .

95 1079 167 1142 Hoc
190 1093 325 1142 taumm
349 1077 527 1168 significat,
550 1102 585 1144 se
611 1101 745 1168 quoque
772 1079 940 1168 desperato
964 1101 1074 1145 amore
1100 1097 1169 1148 tor·

95 1185 207 1272 qun-i,
226 1200 263 1250 et
280 1185 316 1249 in
334 1207 372 1250 ea
388 1184 612 1251 recordatione
628 1207 802 1276 parumper
819 1189 1168 1268 commomte,·somris

94 1289 199 1354 istum
219 1289 341 1355 eodem
363 1289 500 1355 oonsilio
524 1291 706 1356 miseratur.
731 1289 860 1356 Nullam
887 1288 1064 1356 delicatiori
1084 1293 1168 1382 stylo

96 1417 226 1459 scenam
238 1395 412 1484 descripsit
425 1395 608 1484 Euripides.
622 1397 757 1480 Quanto
768 1395 911 1485 asperius
920 1411 953 1460 et
964 1396 1166 1464 indecentius

96 1499 237 1584 Senem,
254 1499 345 1589 apud
368 1523 466 1590 quem
490 1502 641 1584 Phoedm,
663 1499 749 1566 nulla
767 1500 898 1591 quidem
917 1500 958 1566 de
981 1523 1092 1587 musa,
1108 1503 1166 1571 sed

96 1606 183 1670 ultro
205 1622 239 1670 et
261 1607 356 1694 quasi
379 1607 483 1672 libens
509 1607 541 1671 iu
571 1623 658 1672 sorte
686 1607 848 1696 genitricis
871 1606 1042 1696 Pasiphaes
1066 1609 1167 1674 lueret

96 1711 403 1794 commemoranda,
431 1734 567 1800 eamque
594 1711 720 1777 felicem
749 1712 938 1801 profitetur,
968 1713 1075 1801 quod,
1092 1737 1164 1804 qum

97 1816 219 1880 nefarie
233 1815 445 1900 moliebatur,
459 1833 602 1882 assecuta
617 1817 730 1882 fuerit!

141 1919 284 1984 Videtur
299 1944 454 1986 romanus
477 1922 588 1987 rhetor
606 1945 741 2012 grecam
760 1919 903 1986 Phaedrte
919 1923 1109 2012 imaginem,
1129 1939 1167 1988 ut

98 2050 170 2114 quae
191 2049 312 2116 magna
335 2027 608 2094 lineamentorum
633 2027 740 2116 specie
761 2043 794 2092 et
816 2029 994 2094 excitatiori
1017 2029 1163 2094 colorum

98 2133 170 2196 luce
193 2149 319 2214 careat,
340 2130 539 2198 fastidivisse.
564 2132 627 2196 Pro
654 2132 793 2198 feminea
818 2133 917 2221 igitur
943 2149 1075 2216 natura,
1101 2157 1163 2222 qua

99 2235 246 2318 efficitur,
266 2253 307 2301 ut
327 2236 396 2317 ejus
418 2236 468 2301 vel
490 2236 653 2318 nocentis,
675 2237 767 2324 quasi
787 2237 834 2300 ris
859 2237 1007 2328 quoedam
1034 2239 1164 2304 caelestis

100 2343 281 2430 impulerit,
302 2341 532 2423 misereamur,
551 2339 725 2405 masculam
741 2340 859 2407 indidit
877 2342 1059 2425 audaciam,
1078 2367 1165 2432 quae,

100 2449 255 2513 effrenata
275 2471 345 2538 quo
371 2449 455 2536 rapit
476 2447 651 2536 cupiditas,
676 2447 834 2536 sequitur,
858 2447 899 2512 ad
924 2448 957 2513 id
987 2471 1091 2514 uuum
1115 2451 1166 2513 in·

100 2571 203 2636 tenta,
226 2571 266 2619 ut
289 2555 434 2618 furorem
457 2554 591 2642 expleat.
617 2553 656 2618 In
682 2575 786 2642 greco
818 2568 914 2642 poeta
937 2554 1053 2620 Thesei
1083 2577 1164 2620 uxo-

99 2683 165 2724 rem
193 2673 335 2724 conatur
361 2658 470 2723 nutrix
500 2658 605 2722 verbis
636 2657 774 2747 erigere,
798 2657 1022 2748 desperatione
1050 2682 1162 2724 ameu-

67 2764 70 2772 ’
100 2782 161 2830 tem
199 2766 396 2855 lethumque
428 2763 489 2829 sihi
524 2765 754 2829 minitantem:
784 2766 911 2854 culpam
942 2765 977 2838 in
1002 2765 1160 2830 Venerem

100 2874 265 2952 muster-t,
283 2871 378 2951 cujus
394 2869 521 2934 numini
540 2892 607 2934 non
625 2869 728 2934 resisti
743 2893 838 2958 posse
854 2886 1022 2935 asseverat.
1042 2873 1162 2935 Roma·

101 3001 159 3042 nus
185 2993 320 3057 contra,
345 2975 477 3040 mutatis
499 2975 660 3064 partibus,
680 2974 840 3040 nutricem
868 2975 995 3041 inducit
1022 2973 1165 3040 Phaedtae

100 3083 198 3147 amori
217 3081 464 3162 adversantem,
482 3079 616 3144 Phaedra
638 3103 714 3146 eum
735 3103 831 3169 posse
854 3077 998 3146 edomari
1014 3096 1167 3168 negante;

101 3211 164 3278 quo
184 3188 285 3253 datur
305 3187 412 3276 longis
435 3187 658 3268 sermonibus,
681 3185 951 3273 descriptionibus
974 3181 1166 3272 splendidis,

101 3297 267 3384 acutisque
296 3291 498 3359 accersendis
522 3293 690 3358 sententiis
714 3292 850 3357 occasio.
874 3293 953 3356 Post
978 3289 1166 3354 diuturnam

19 3405 20 3419 ¹
100 3403 394 3482 concertationem,
420 3398 575 3481 Phaedra,
594 3417 748 3466 conversa
773 3417 812 3461 ex
842 3397 1011 3485 inopinato
1042 3411 1167 3478 mente,

20 3499 22 3571 ἶ
101 3509 214 3597 pudori
234 3531 297 3573 suo
314 3525 448 3597 parcere
464 3520 496 3570 et
516 3505 599 3569 mori
621 3503 752 3570 stamit:
776 3500 867 3591 quod
883 3521 923 3566 ex
939 3494 1113 3582 industrie,
1128 3501 1167 3566 t't't

22 3598 23 3619 ¹
101 3614 236 3697 ridetur,
255 3611 399 3703 affingit,
417 3611 577 3677 nutricem
595 3611 631 3674 iu
647 3607 839 3674 senteutiam
857 3627 949 3673 suam
967 3605 1027 3671 hac
1045 3603 1166 3672 doloris

101 3718 331 3809 significatione
352 3734 504 3782 tractura.
522 3716 639 3781 Saltem
653 3716 697 3778 ita
713 3735 812 3779 seres
827 3710 940 3794 habet,
958 3709 1167 3800 decernitque

102 3827 204 3889 nutrix
221 3823 394 3914 Hippolyti
411 3823 557 3886 animum
575 3817 706 3910 aggredi
722 3820 825 3884 amori
839 3816 1132 3907 inexpugnabilem.

141 3931 198 3995 ffis
216 3928 446 3994 diversissimis
463 3923 649 4007 itineribus,
666 3947 733 4013 quo
751 3922 869 4011 cuique
884 3921 1052 4012 pervenire
1068 3919 1167 3986 desti·

102 4051 226 4117 natum,
244 4033 405 4123 pergitur.
424 4032 554 4098 Graecus
569 4029 704 4120 pudoris
720 4027 969 4118 cupiditatisque
987 4030 1167 4107 certamen,

102 4141 262 4204 Romanus
285 4136 477 4227 cupiditatis
495 4149 608 4198 contra
627 4133 693 4196 rim
715 4147 878 4197 externam
897 4131 1070 4222 pervicacis
1088 4152 1167 4194 con-
