3118 5138
380 521 447 616 cnj
594 519 656 588 ns
681 519 936 590 cananaeus
960 518 1213 589 carnutum
1279 532 1282 538 ·

421 649 546 742 Ibidem
564 650 713 738 impurus
733 665 782 712 cst
799 649 871 730 ille,
894 663 1017 713 mutato
1039 649 1138 712 altero
1155 646 1264 712 iambo
1282 648 1315 710 in
1337 669 1441 738 spon-

377 757 474 822 deum
488 781 495 821 :

587 871 701 926 Solenne
715 870 827 924 Phoebus
840 888 955 924 carmen

420 1042 462 1105 II.
488 1039 667 1104 lambicum
687 1037 862 1102 dimetrum
880 1038 1087 1101 acatalectum
1110 1036 1208 1100 habet
1231 1034 1361 1100 sedibus
1381 1060 1442 1125 pa-

377 1146 467 1210 ribus
485 1144 650 1220 iambum,
672 1143 848 1231 imparibus
878 1140 1075 1230 spondeum,
1091 1158 1149 1205 aut
1171 1141 1357 1230 dactylum,
1384 1157 1443 1204 aut

377 1266 599 1339 anapaestum:
624 1249 688 1313 hoc
706 1248 863 1313 accinitur
886 1247 1025 1313 iambico
1048 1248 1214 1329 trimetro,
1241 1249 1274 1312 in
1301 1245 1440 1312 Medea:

377 1355 567 1435 interjicitur
589 1353 693 1418 eidem
714 1355 747 1417 in
765 1355 1017 1442 Agamemnone.
1043 1352 1198 1418 Miscetur
1218 1353 1389 1416 trochaicis
1409 1369 1442 1415 et

379 1458 540 1550 dactylicis
555 1483 661 1541 unus,
683 1459 716 1523 in
735 1457 846 1522 cadem
863 1458 1034 1548 tragoedia,

589 1597 705 1650 Procella
720 1597 830 1650 somnne
843 1609 940 1650 movet.

610 1701 631 1736 0
649 1701 697 1738 ,0
735 1705 750 1718 .
774 1706 789 1718 .
806 1705 822 1720 .
865 1703 886 1739 0
905 1706 919 1718 .

424 1922 574 2008 Impurus
595 1933 644 1984 est
661 1919 713 1982 ille
730 1920 763 1981 in
783 1918 930 2008 OEdipo‚

589 2065 728 2120 Hederare
741 2066 855 2120 flentem
867 2065 1024 2120 bacchifera.

423 2233 510 2298 Huic
523 2233 661 2298 vicissim
678 2234 835 2296 accinitur
847 2235 994 2320 superius
1014 2233 1202 2297 catalectum
1220 2233 1360 2322 ibidem,

590 2389 643 2439 Aut
658 2387 717 2439 foetn
734 2388 810 2442 tellus
823 2388 907 2459 impio

590 2473 693 2527 Effudit
706 2492 780 2527 arma
792 2487 876 2546 partu.

391 2725 397 2734 ·
425 2644 483 2707 ΙΙΙ.
501 2645 680 2742 lambicunr
698 2648 874 2715 dimetrum
891 2651 1182 2740 hypercatalectum
1201 2650 1254 2732 fit,
1278 2672 1382 2738 quum
1402 2651 1444 2715 ad

383 2750 530 2837 superius
551 2751 738 2850 adjungitur
762 2777 819 2843 pes
848 2754 1030 2844 trisyllabus
1060 2757 1094 2820 in
1119 2755 1203 2837 fine,
1229 2779 1346 2844 nempe
1365 2757 1444 2819 hac·

382 2856 503 2920 cheus:
524 2881 541 2922 e
559 2882 625 2947 quo
642 2883 759 2951 genere
777 2883 844 2924 non
861 2878 1012 2926 constant
1029 2861 1126 2926 Chon'
1145 2862 1281 2951 integri,
1300 2860 1358 2926 sed
1374 2861 1443 2926 aliis

384 2959 475 3042 alibi,
492 2963 650 3030 rarissime
666 2949 796 3047 tamen,
813 2968 1045 3056 interponitur;
1063 2985 1100 3032 ut
1117 2969 1150 3030 in
1169 2966 1309 3055 OEdipo,

523 3104 632 3161 Sensere
644 3119 720 3162 terrra
738 3121 764 3161 te
776 3109 877 3162 Dacdm
892 3111 998 3164 lances.

427 3268 533 3334 llabet
562 3272 638 3336 sede
663 3289 775 3360 quarta
815 3274 910 3338 etiarn
942 3289 1159 3362 anapaestum3
1186 3289 1224 3336 ut
1245 3273 1279 3336 in
1299 3277 1439 3362 Agame-

383 3393 522 3455 munna,

522 3509 581 3564 Non
593 3513 658 3564 urbs
671 3531 732 3566 cum
746 3525 800 3566 tota
812 3515 923 3587 populos
938 3513 1067 3568 cadentes.

427 3654 573 3744 thidem,

522 3803 679 3876 charusque
689 3804 785 3858 Pelidae
797 3806 908 3858 nimium
921 3807 1011 3860 iunci.

428 3957 466 4019 In
493 3978 556 4044 qua
577 3957 728 4048 tragoedia
752 3968 878 4024 tantum
904 3983 988 4024 unus
1012 3959 1119 4024 adhuc
1146 3963 1272 4051 generis
1299 3961 1447 4042 ejusdem

385 4062 509 4150 legitur.
521 4063 566 4126 Ut
578 4079 687 4128 autem
704 4063 792 4152 apud
808 4064 944 4153 tragicos
958 4063 1096 4130 iambico
1112 4063 1252 4164 dimetro
1267 4087 1323 4152 pes
1340 4067 1450 4154 trisyl-
