3210 5140
359 536 644 606 HERCULES
671 539 887 608 FURENS.
918 539 1025 608 ACT.
1056 541 1096 605 V.
1190 537 1260 634 139

249 669 382 736 Numen
405 668 605 756 secundum,
622 668 711 753 sare,
729 671 804 764 quis
822 669 908 738 fudit
927 667 1088 738 domum?
1214 702 1264 740 „a

252 775 313 844 Cui
331 772 441 868 praeda
458 773 568 868 jacui?
584 778 821 846 amru.Tacita
841 778 888 846 sic
904 776 1025 844 abeant
1042 773 1137 844 mala.

251 903 352 950 uanc.
369 881 417 949 Ut
433 880 555 951 inultus
570 907 632 975 ego
649 881 732 952 sim?
747 906 860 953 amru.
876 885 971 984 Saepe
985 881 1130 952 vindicta
1144 885 1261 954 obfuit.

252 1010 355 1056 nnnc.
370 987 598 1082 Quisquamne
615 991 723 1082 segnis
739 1005 831 1060 tanta
847 989 1001 1060 toleravit
1016 988 1138 1058 mala?-

253 1117 365 1163 surrr.
381 1094 511 1188 Majora
525 1095 672 1190 quisquis
686 1098 806 1166 timuit.
822 1100 932 1166 Hanc.
949 1097 1139 1181 His-etiam,
1154 1109 1263 1190 pater,

252 1199 442 1294 Quidquam
460 1203 568 1272 timeri
584 1203 690 1298 majus
707 1218 765 1272 aut
782 1205 915 1298 gravius
933 1202 1063 1297 potest?
1213 1243 1265 1282 ,ιφ

253 1329 366 1376 auru.
383 1305 496 1378 Cladis
513 1323 578 1380 tuoe
594 1333 670 1404 pars
688 1312 765 1395 ista,
782 1333 881 1404 quam
898 1311 1004 1393 nosti,
1020 1323 1123 1403 quota
1141 1307 1213 1378 est?

253 1436 355 1483 nanc.
371 1415 547 1502 Miserere,
568 1418 713 1510 genitor:
733 1415 897 1512 supplices
919 1415 1019 1484 tendo
1040 1439 1168 1484 manus.

252 1519 342 1608 Quid
360 1518 449 1590 hoc?
464 1545 582 1592 manus
602 1522 751 1620 refugit:
770 1523 825 1592 hic
842 1537 932 1592 errat
952 1521 1067 1592 scelus.

199 1745 259 1798 gere
271 1727 366 1780 fateor.
379 1727 481 1782 Locum
495 1729 572 1782 aliter
578 1729 710 1799 interpre·
799 1732 881 1800 1187.
900 1729 970 1798 Soepe
987 1729 1097 1780 uindicta
1115 1730 1200 1796 obfuit.
1222 1729 1264 1784 Cf.

201 1805 311 1860 tandum
332 1804 445 1878 judico:
465 1834 476 1856 ι
497 1807 595 1862 Precor
614 1819 639 1861 te
661 1826 711 1880 per
757 1807 862 1862 &neem
877 1807 912 1860 de
926 1809 981 1874 ira,
992 1811 1033 1874 Π,
1051 1828 1084 1862 aa
1100 1821 1126 1862 et
1139 1810 1183 1862 ad.

201 1905 300 1940 numen
312 1887 430 1940 nominis
443 1887 657 1959 tni,quodmil1i
670 1907 711 1941 se·
799 1893 882 1943 1188.
913 1889 1092 1960 Quisquamne,
1121 1903 1171 1942 etc.
1199 1888 1267 1952 Quis

202 1963 551 2040 cundumaJoreest‚quo
564 1968 633 2021 nihil
644 1968 712 2022 mihi
755 1987 873 2039 unquam
898 1969 978 2022 tantis
1002 1970 1193 2022 calamitatibus
1217 1987 1265 2039 op-

201 2047 629 2118 praterlovisuumeu‚sanctius
638 2061 710 2102 estu.
755 2067 877 2119 pressus,
900 2047 985 2118 segnis
1009 2065 1052 2102 eas
1077 2049 1217 2111 toleravit,
1240 2061 1267 2100 et

201 2127 277 2191 lloe,
293 2139 324 2180 ut
336 2128 446 2180 obvium
459 2129 542 2200 magis
555 2128 673 2200 arripio,
686 2141 713 2181 et
755 2128 859 2182 ultione
870 2128 1015 2180 abstinuit?

201 2207 222 2258 si
243 2205 436 2261 contradiceret
453 2209 535 2260 latina
557 2207 659 2272 oratio,
682 2219 713 2260 ut
801 2226 883 2278 ¹¹9¹·
902 2207 987 2261 Cladis
1003 2219 1067 2270 tuoe,
1087 2219 1137 2261 etc.
1152 2233 1163 2255 ι
1177 2207 1268 2272 Quan-

201 2287 402 2340 convenientius
429 2286 632 2343 desiderarem:
656 2307 712 2341 non
757 2289 812 2341 tula
834 2300 896 2340 sunt
918 2306 977 2358 qum
996 2287 1111 2346 novisti,
1134 2287 1156 2340 si
1178 2288 1267 2340 conle-

202 2367 273 2419 enim
288 2367 399 2432 Jorem,
412 2380 514 2439 patrem
525 2387 602 2422 suum
613 2381 641 2423 et
653 2367 714 2420 deo·
756 2381 850 2422 rantur
861 2385 919 2438 quta
933 2367 1055 2436 ignoras!
1072 2393 1082 2414 ι
1101 2368 1183 2420 Novit
1195 2368 1267 2420 enim

201 2465 263 2499 rum
277 2465 377 2518 regem,
395 2447 520 2502 Hercules
536 2461 629 2520 queat,
643 2448 713 2502 salva
757 2448 884 2501 Hercules
898 2465 977 2500 casos
990 2448 1088 2500 liberos
1100 2459 1127 2499 et
1139 2465 1268 2510 uxorem3

202 2538 258 2578 tum
281 2529 417 2599 majestate
440 2530 515 2600 ejus,
536 2541 594 2582 tum
616 2530 714 2600 pietate
757 2527 803 2582 sed
826 2528 910 2581 nescit
932 2527 1050 2599 seipsum
1070 2528 1268 2581 interfectorem

202 2624 266 2670 sua,
288 2607 395 2660 mortali
419 2621 580 2681 postponere
601 2609 714 2680 Amphi·
757 2627 849 2662 eorum
863 2608 950 2661 fuisse.

203 2687 310 2758 nycol,
323 2685 388 2758 quid
402 2702 490 2742 autem
502 2689 714 2760 magnificentius
801 2695 883 2757 1193.
910 2688 1000 2740 Manus
1027 2689 1124 2758 refugit.
1150 2686 1267 2758 Intelligi

203 2765 320 2820 tribuere
334 2768 431 2837 possit,
449 2787 531 2840 quam
545 2768 568 2821 si
581 2787 644 2822 eam
659 2787 714 2821 non
757 2779 845 2840 potest
865 2787 949 2820 manus
969 2785 1031 2820 mear
1047 2769 1137 2837 refugit
1155 2769 1268 2837 genitor,

205 2857 308 2900 tantum
325 2859 376 2917 pro
397 2846 448 2900 deo
468 2848 553 2914 colat,
567 2847 614 2902 sed
636 2848 715 2902 etiam
759 2847 951 2916 utnonnullis
971 2847 1082 2919 placuit.
1105 2845 1157 2900 Sed
1180 2847 1270 2900 malim

203 2927 356 2996 proximum
373 2927 435 2980 tovi
453 2939 479 2980 et
501 2929 534 2981 ab
555 2928 602 2982 illo
621 2947 714 2982 secun·
758 2927 796 2981 sic
811 2929 979 2999 interpretari
994 2944 1000 2980 :
1017 2924 1114 2992 «Quid
1124 2925 1199 2979 hoc?
1214 2943 1270 2979 ma-

204 3004 267 3060 dum
294 3005 414 3060 adoret?
440 3005 516 3061 Adde
542 3007 616 3079 quod
645 3008 714 3062 sole·
759 3027 811 3062 nus
832 3026 889 3062 mea
909 3026 925 3060 a
942 3019 1053 3079 parente
1069 3006 1182 3077 refugit,
1195 3007 1271 3078 quasi

203 3087 268 3139 bant
288 3087 432 3158 scriptores
456 3089 578 3153 romani,
598 3099 628 3142 ut
642 3107 715 3142 snm·
759 3085 868 3160 indigna
884 3089 918 3142 sit
932 3089 990 3159 ejus
1003 3086 1144 3140 contactu!
1163 3111 1174 3132 ι
1191 3086 1270 3139 Hunc

205 3185 276 3219 mum
298 3167 405 3238 pietatis
420 3168 449 3220 in
468 3167 591 3223 homines
603 3167 716 3241 gradum
760 3186 867 3222 sensum
884 3168 1017 3239 potiorem
1031 3165 1139 3236 judico,
1158 3183 1213 3218 non
1229 3184 1273 3218 so-

204 3246 401 3318 significarent,
415 3265 473 3302 enm
494 3249 586 3319 pietati
602 3251 630 3304 in
651 3247 716 3302 deos
759 3249 816 3300 lum
838 3247 917 3318 quia,
939 3259 972 3300 ut
985 3257 1047 3316 apte
1067 3243 1204 3298 adnotavit
1223 3245 1273 3296 Bs-

205 3345 295 3396 parem
316 3325 465 3399 predicare
480 3367 488 3394 ‚
504 3340 534 3380 ut
553 3329 669 3396 Cicero,
689 3328 716 3380 in
760 3326 871 3391 deuius,
885 3325 986 3398 aliquid
1002 3325 1087 3378 simile
1100 3324 1169 3378 iufra
1186 3326 1274 3396 expri-

205 3418 271 3460 orat.
290 3409 320 3472 1,
336 3420 398 3479 post
419 3405 497 3462 redit.
519 3426 577 3480 cap.
597 3411 635 3463 a:
655 3407 716 3460 Pol·
761 3408 843 3460 mitur
862 3399 912 3472 (r.
937 3407 1031 3460 1318:
1058 3407 1168 3460 «Armis
1191 3406 1274 3458 alleva

206 3485 292 3538 lieedor
306 3491 428 3557 primum,
445 3507 492 3559 pua
509 3492 652 3542 sanctissimi
674 3489 717 3539 lw-
760 3485 873 3542 afflictos
895 3487 972 3550 solo,
993 3487 1116 3550 Theseu,
1133 3486 1272 3556 parentis:

207 3569 277 3618 minas
299 3571 391 3636 putate
413 3587 472 3638 erga
495 3569 550 3622 deos
576 3569 718 3622 immortales
761 3567 852 3620 dextra
866 3579 1003 3620 contactus
1019 3567 1078 3637 pios
1089 3563 1221 3620 Scelerata
1232 3585 1274 3620 re-

206 3665 253 3697 esse
270 3647 363 3710 salem,
381 3648 463 3700 eadem
478 3667 514 3701 me
532 3668 589 3719 erga
603 3649 718 3720 papulum
762 3648 830 3718 sugit
845 3673 855 3694 ι
870 3643 898 3714 ),
911 3645 957 3700 sed
971 3645 1045 3718 quod
1058 3647 1113 3700 hac
1129 3646 1209 3700 verba
1223 3666 1274 3698 ma-

206 3745 327 3778 mmaaum
340 3745 433 3797 semper
443 3729 517 3796 fore,
535 3748 663 3800 auremque
675 3749 718 3780 ve·
763 3747 807 3780 nus
832 3728 939 3797 refugit,
964 3727 1001 3780 sic
1027 3739 1153 3796 accepta,
1178 3727 1274 3780 melius

205 3817 279 3858 strum
293 3827 360 3880 aque
374 3808 432 3858 milti
444 3827 519 3878 graue
531 3821 556 3860 et
568 3821 676 3862 sanctium
690 3829 720 3860 ae
763 3827 825 3862 oum
850 3807 1022 3878 sequentihus
1045 3819 1205 3877 congruunt.
1228 3805 1276 3858 Fa·

206 3885 303 3938 deorum
314 3888 482 3940 immortalium
495 3891 521 3941 in
536 3892 600 3941 mmai
612 3893 666 3941 uita
676 3890 719 3954 su·
763 3889 841 3942 cilius
857 3888 929 3940 enim
943 3906 975 3940 ex
994 3887 1045 3940 hoc
1061 3899 1187 3958 portento
1204 3887 1276 3939 refu·

206 3975 305 4040 tamma
763 3967 858 4040 pientia
875 3987 889 4020 a
909 3967 1030 4039 genitore
1050 3986 1145 4020 manus
1165 3979 1276 4037 propter

250 4049 332 4099 1186.
365 4048 451 4098 Tacita
472 4051 508 4100 sic
534 4047 622 4102 abeant
644 4049 717 4100 mala.
764 4047 971 4118 indignitatem,
987 4047 1113 4102 Hercules
1133 4045 1232 4100 nefaria
1250 4065 1278 4098 se

205 4124 328 4196 Euripid.
351 4126 431 4180 Herc.
456 4128 508 4182 fur.
529 4129 601 4183 1125
617 4147 624 4182 :
642 4155 653 4176 ι
669 4135 718 4180 Tc·
764 4127 898 4182 admisisse
934 4128 1099 4197 suspicetur,
1130 4145 1211 4198 quam
1245 4143 1277 4177 es

206 4212 292 4259 scuras
301 4211 348 4258 rats
360 4215 406 4258 τῶν
418 4216 508 4261 κακῶν.
517 4229 550 4260 ra
562 4205 588 4260 θ’
598 4209 650 4261 ἀλλ’
659 4211 714 4260 ia.»
764 4209 900 4264 aversione
914 4207 1134 4280 Amphitryonis,
1149 4223 1277 4275 russquuru
