3118 5138
337 539 389 608 ul
414 539 689 610 Tmnonnns
714 539 910 610 sunnon.
1090 543 1156 634 cvij

233 665 308 719 Leve
322 675 361 720 eat
371 665 488 721 moia·
500 664 570 720 ferre
580 683 588 718 :
601 665 718 736 parim
729 683 825 738 grave,

109 793 155 856 ubi
181 789 301 878 syllaba
330 812 364 854 re
395 789 429 852 in
449 787 591 877 pafforre
618 787 827 878 producitur,
852 791 884 854 vi
909 792 1159 856 consonantium

110 897 260 985 sequentis
274 895 450 960 dictionis:
465 910 504 958 ut
519 895 636 977 etiam,
654 895 785 984 Fn'gida
801 899 901 985 spretio
918 895 1027 981 refert,
1047 914 1080 961 ct
1094 898 1162 962 Un-

109 1003 188 1091 dique
197 1001 319 1092 scopm'i
334 1001 527 1089 adstrepuot.
543 1000 626 1066 Vide
640 1024 713 1090 quae
727 1003 840 1091 scripsi
854 1002 942 1091 apud
952 1004 1113 1068 Catullum
1127 1006 1160 1067 iu

111 1107 234 1173 dictione
245 1107 457 1196 Propontida.
479 1107 556 1172 Non
575 1123 683 1171 tamen
701 1130 829 1196 semper
841 1107 1032 1197 producitur
1049 1110 1163 1190 hujus-

113 1213 187 1278 modi
203 1213 348 1302 syllaba:
366 1229 419 1295 ut,
440 1213 694 1299 Undaflommas
710 1217 877 1304 opprimat.

145 1317 182 1384 Et
196 1319 312 1408 saepius
334 1340 448 1383 omnes
466 1313 570 1407 poetae
589 1319 673 1383 hanc
697 1317 827 1384 finalem
848 1320 1001 1409 syllabam
1024 1343 1163 1409 sequen·

113 1425 183 1488 tibus
195 1420 451 1490 consonantibus
469 1449 530 1514 pro
548 1448 610 1490 suo
624 1425 799 1490 commodo
817 1427 988 1513 recipiunt.
1083 1511 1085 1514 Ι

146 1529 308 1595 Secundus
330 1553 441 1595 versus
458 1547 508 1596 est
525 1531 559 1594 in
578 1528 694 1595 Medea
710 1529 881 1620 tragoedia,
903 1533 937 1595 in
956 1555 1020 1620 qua
1036 1533 1163 1620 legitur,

32 1718 37 1727 Ι
111 1633 209 1724 pefidi
215 1639 348 1725 sanguis
360 1641 446 1700 istest.
461 1636 526 1701 Ubi
539 1635 613 1700 dico
626 1636 810 1726 spondeum
823 1659 891 1701 esse
903 1638 936 1701 in
949 1639 1063 1725 quinta
1075 1637 1164 1719 sede,

32 1734 37 1757 ¹
116 1764 169 1805 non
185 1741 384 1823 trochaeum3
401 1758 440 1805 ut
463 1741 551 1830 apud
576 1742 744 1807 Tibullum
763 1759 949 1825 canentem,
967 1745 1098 1831 sanguis
1119 1761 1165 1808 est

115 1859 201 1910 maun
216 1846 268 1910 ille
286 1867 386 1912 meus.
549 1879 553 1887 =
984 1936 985 1939 Ἴ

150 1951 229 2034 Quin
245 1951 325 2016 alias
344 1951 508 2034 Catullus,
522 1952 689 2035 Tibullus,
707 1951 911 2042 Propertius,
932 1952 1084 2035 Ovidius,
1104 1955 1167 2017 Au·

32 2050 37 2147 f
116 2056 224 2138 socius,
244 2073 277 2120 ct
300 2057 355 2120 alii
379 2073 483 2146 poetae
499 2073 658 2148 usurpant
676 2057 717 2122 de
735 2057 899 2142 industria,
914 2045 982 2123 eam
1003 2057 1163 2149 pentemi-

118 2164 225 2246 merim3
245 2161 305 2228 sed
325 2163 493 2255 Lucanus,
511 2163 640 2228 Senecae
657 2163 780 2246 affinis,
796 2178 949 2252 utrasque
966 2162 1095 2236 easdem
1114 2161 1164 2227 di-

32 2304 37 2357 ,
118 2269 219 2333 cn'ones
232 2284 421 2352 mutuatus,
441 2268 572 2333 scribit:

234 2399 308 2452 Dum
320 2397 426 2470 sangttit
438 2398 542 2465 inerat,
554 2397 619 2452 dum
634 2399 672 2452 vis
686 2410 812 2455 materna.

151 2542 230 2625 Quin
243 2542 347 2606 semel
358 2539 451 2604 Maro
461 2589 469 2622 ,
480 2539 582 2603 semel
594 2540 742 2604 Valerius
756 2539 891 2603 Flaccus
901 2588 910 2617 ‚
920 2538 970 2604 bis
981 2540 1163 2617 Lucretius,

118 2663 142 2712 ct
156 2646 199 2711 bis
221 2646 320 2712 Silius
342 2644 496 2734 producit
518 2645 668 2708 ultimam
685 2645 721 2707 in
746 2647 901 2732 sanguis:
926 2661 959 2708 et
981 2645 1100 2734 legitur
1123 2646 1164 2710 dc
1275 2674 1278 2688 ·
1360 2653 1367 2670 ⁶

118 2752 242 2818 lucretia
257 2753 292 2816 in
305 2751 441 2838 antiquo
456 2749 702 2839 epigrammate,

235 2891 348 2966 Sanguis
361 2901 421 2942 ante
433 2890 539 2954 virum,
552 2888 658 2964 spiritus
672 2900 733 2942 ants
746 2887 835 2941 deum.

151 3028 271 3096 Tertius
284 3050 397 3092 versus
414 3042 463 3094 est
477 3027 512 3092 in
525 3025 664 3098 Hercule
678 3027 809 3108 OEtaeo,
828 3025 886 3100 ubi
906 3026 1063 3114 scriptum
1078 3043 1163 3106 erat,

118 3137 140 3196 si
144 3135 218 3198 mille
221 3144 354 3224 gemunt
369 3133 465 3200 Ursas
475 3157 487 3195 .·
497 3130 554 3197 ubi
566 3131 741 3220 legendum
751 3131 850 3198 docui
863 3130 973 3211 nullae,
988 3153 1056 3196 non
1069 3128 1162 3195 mille.

120 3239 187 3306 Utet
198 3242 232 3306 in
244 3237 402 3306 Ouidiana
414 3237 544 3327 Sappho
560 3236 734 3328 legendum
749 3237 1009 3325 premonstrati,
1131 3311 1134 3317 ¹

244 3407 304 3426 ....
316 3409 321 3421 .
337 3371 372 3423 Et
382 3369 462 3422 nullu
475 3368 553 3422 dulce
565 3379 714 3440 queruntur
726 3385 803 3433 aren

119 3533 171 3576 non
185 3512 283 3597 mt‘lle,
302 3527 340 3574 ut
357 3509 477 3603 passim
493 3507 671 3597 legebatur.

152 3618 258 3684 ltidem
269 3619 306 3680 in
317 3613 501 3696 Thebaide,
517 3611 668 3704 tragoedia
681 3611 773 3677 tertia
786 3611 850 3700 (r),
867 3627 916 3676 est
926 3611 979 3676 ille
991 3635 1122 3692 versus,

239 3755 397 3818 Ionidesve,
408 3753 450 3808 vol
464 3753 607 3826 Mycenen
619 3769 718 3818 nurus,

116 3891 218 3980 inquo
236 3891 376 3958 credunt
390 3909 458 3954 csse
479 3888 659 3953 trocheum
684 3887 718 3950 in
739 3886 843 3976 prima
854 3885 947 3968 sede;
965 3909 1068 3974 quum
1081 3903 1167 3950 oertc

144 4105 180 4172 (t)
195 4102 252 4157 mn
265 4103 293 4156 u
305 4100 456 4166 anemae,
469 4063 516 4153 aa
530 4099 557 4154 tn
568 4098 666 4153 rata.
679 4116 704 4150 v.
719 4097 779 4150 sss.

998 4197 1046 4280 8²
