3118 5138
357 396 1079 500 uuucuuusruuuus,rcr.'1.
1198 427 1245 498 23
1342 415 1344 418 ’

346 557 445 623 Certo
462 555 599 622 veniunt
614 553 729 622 ordine
745 556 856 623 Paroae
872 581 880 622 ε

344 658 435 728 Nulli
447 661 540 753 jusso
556 682 684 728 cessare
699 658 795 746 licet,
817 661 821 668 ’

346 764 436 833 Nulli
457 769 614 860 scriptum
633 764 782 860 proferre
800 765 909 833 diem:

344 873 475 966 Recipit
495 869 636 968 populos
657 895 741 940 urna
762 873 889 940 citatos.

344 977 453 1045 Alium
473 977 585 1047 multis
606 977 708 1072 gloria
731 980 827 1046 terris

343 1083 483 1168 Tradat,
499 1099 532 1152 et
552 1107 667 1152 omnes
686 1082 772 1172 lama
792 1108 852 1178 per
872 1085 972 1154 urbes

344 1188 487 1258 Garrula
508 1189 634 1275 laudet,
654 1187 799 1284 caeloque
815 1213 930 1284 parem

341 1293 449 1364 Tollat
470 1309 504 1364 et
520 1297 637 1382 astris;
655 1293 739 1368 alius
761 1321 862 1365 curru
1210 1331 1245 1380 195

224 1491 280 1560 189.
293 1497 401 1544 Cessare.
411 1492 484 1546 Nulli
496 1493 559 1547 licet
570 1492 605 1546 orl
615 1493 695 1546 inter»
738 1494 854 1546 volentes
859 1492 982 1546 adiutem
988 1493 1046 1547 loca
1051 1493 1221 1550 decendunt.
1232 1522 1243 1542 ·

184 1590 250 1624 num
272 1572 387 1624 tribunal
405 1585 501 1625 vocato
524 1573 644 1626 resistere
664 1590 696 1623 ao
738 1571 799 1624 Huc
813 1573 850 1624 sic
862 1573 972 1644 intelligi
983 1573 1093 1645 requirit
1103 1593 1246 1632 sensusne·

184 1649 304 1704 differre.
319 1651 381 1704 Hac
395 1652 485 1704 omnia
501 1671 516 1705 a
533 1650 695 1726 judiciorum
738 1651 1164 1725 cessitamnecrepugoatprofcrre,
1172 1656 1245 1728 quod

186 1748 235 1782 usu
249 1731 379 1783 etlorensi
393 1730 584 1784 consuetudine
597 1747 695 1782 assum·
738 1728 821 1803 prope
831 1730 923 1784 eadem
937 1749 968 1784 ae
975 1735 1093 1800 proferre
1102 1733 1204 1806 origine
1219 1749 1245 1788 et

183 1821 226 1880 pta
236 1820 309 1863 sunt:
318 1810 632 1882 cessaredicebantur‚qui
640 1828 695 1862 non
738 1809 929 1882 compositione
939 1809 1132 1881 est.Atquihaec
1143 1815 1171 1864 in
1183 1815 1243 1869 Lir.

185 1899 282 1942 statuto
292 1901 408 1960 tempore
417 1890 452 1944 ad
461 1891 641 1958 vadimonium
652 1907 695 1942 ve-
736 1888 869 1952 XXXIX,
882 1893 897 1939 5
913 1906 920 1940 :
939 1891 1096 1958 Triumphum
1109 1911 1190 1944 mense
1199 1901 1244 1946 la-

184 1968 311 2020 uiebant:
324 1968 396 2022 unde
409 1970 480 2023 Suet.
500 1970 528 2023 Iu
544 1968 640 2022 Claud.
661 1973 693 2033 14
735 1970 824 2019 nuario
837 1981 959 2019 statuerat
971 1988 981 2019 .·
993 1972 1038 2019 sed
1048 1989 1123 2036 quum
1137 1975 1245 2025 audisset

184 2058 210 2100 et
230 2048 277 2100 15:
292 2055 337 2099 Jns
347 2064 371 2100 et
387 2053 472 2101 consul
487 2065 512 2100 et
529 2065 601 2100 extra
616 2051 700 2106 liano„
736 2049 860 2099 Consulem
872 2052 909 2099 M.
920 2050 1058 2108 AEnrilium,
1071 2052 1147 2101 literis
1156 2056 1246 2104 Aburii

183 2145 234 2176 rem
254 2129 440 2179 laboriosissime
459 2131 527 2179 dixit
526 2164 634 2178 .......
640 2132 692 2178 Ab·
733 2130 825 2178 tribuni
833 2129 912 2193 plebis
932 2130 1037 2194 acceptis
1050 2132 1081 2179 de
1095 2134 1196 2182 remissa
1208 2137 1244 2183 in·

183 2208 288 2257 sentibus
313 2211 443 2258 secundum
469 2223 600 2274 presentes
614 2209 692 2276 sacil-
733 2209 894 2267 tercessione‚
910 2209 990 2274 ipsum
1007 2209 1045 2257 ad
1064 2211 1243 2276 impediendum

183 2287 240 2335 lime
255 2285 351 2350 dabat,
367 2290 434 2338 nullo
454 2290 566 2347 delectu,
587 2290 691 2354 culpane
733 2288 880 2353 triumphurn
886 2289 989 2336 Itomam
998 2289 1243 2358 venientem,oe5rum

183 2367 237 2431 quis
253 2385 287 2415 an
305 2368 391 2434 aliqua
410 2370 550 2417 necessitate
564 2381 688 2419 cessasset.
732 2366 757 2415 in
768 2368 816 2416 oia
824 2367 969 2424 substitisse,
984 2384 1015 2415 ne
1018 2368 1110 2432 plusin
1121 2370 1242 2436 triumpho

181 2442 688 2516 vid.etUlp.t.xuv11‚tit.10‚1eg.17.
731 2448 890 2495 certaminum
908 2463 983 2510 quam
1001 2447 1026 2494 in
1044 2447 1106 2497 lello
1125 2448 1240 2512 laberer,

219 2539 278 2588 190.
289 2527 408 2592 Scirpmm
412 2527 524 2594 proferre
537 2528 611 2576 diem.
622 2526 692 2578 Con·
727 2527 841 2593 praetulit
854 2525 972 2590 triumplu
984 2525 1048 2573 diem
1062 2544 1071 2574 .·
1087 2527 1244 2594 triumpharit

182 2601 302 2654 stitutum
313 2601 384 2655 (ilem
395 2611 567 2658 antevertere.
578 2607 691 2673 Proferre
731 2607 863 2655 antediem
876 2605 996 2653 decimum
1009 2606 1136 2655 Kalendas
1148 2611 1243 2659 Ianua·

181 2681 322 2754 sepissime
337 2679 407 2734 idem
427 2699 457 2735 ac
478 2685 591 2753 differre,
602 2704 691 2751 proro-
732 2685 791 2735 n'as.
813 2681 915 2753 Ulpian.
936 2679 1036 2751 uig.1.
1058 2682 1106 2745 11,
1127 2683 1168 2736 tlt.
1189 2685 1241 2750 13,
1290 2753 1292 2757 ι
1392 2753 1393 2756 ¹

178 2781 240 2829 gare
248 2761 390 2834 significat.
399 2761 468 2815 Gell.
478 2761 505 2825 Ῑ,
518 2765 690 2828 13:0uumin
731 2761 784 2834 leg.
798 2782 811 2814 a
824 2781 831 2815 :
845 2763 972 2812 Editiones
987 2762 1092 2811 sinodis
1107 2777 1132 2814 es
1145 2769 1243 2816 consule

180 2857 265 2892 senatu
274 2861 312 2892 res
321 2844 403 2911 major
410 2845 532 2910 quapiam
541 2847 689 2905 consultata,
723 2845 787 2914 fieri
797 2847 896 2903 debent,
909 2859 940 2890 ne
951 2841 1015 2908 quid
1022 2837 1173 2910 excogiictur
1180 2863 1194 2894 e
1202 2846 1242 2894 die

181 2925 688 2989 eaqueindiemposterumprolotaestete.
731 2937 757 2973 et
768 2925 882 2982 consitis,
899 2935 923 2970 et
933 2921 1041 2987 proelato
1059 2923 1099 2970 dic
1109 2923 1170 2991 fiat.
1184 2921 1242 2973 Mo·

181 3003 214 3052 m
222 3001 244 3054 si
253 3001 357 3055 &necte
365 3000 454 3053 locum
463 3001 492 3052 in
498 3001 571 3053 hunc
582 3019 689 3054 sensum
731 3000 826 3055 destiti.
841 3001 859 3054 l.
875 2997 1007 3060 XLVIII,
1018 2997 1060 3049 tit.
1071 3015 1112 3062 ιο,
1123 2997 1174 3068 leg.
1191 3000 1240 3052 ηδε

182 3080 311 3152 accepero
320 3119 328 3143 ‚
338 3079 402 3151 quid
410 3081 456 3134 fiet
461 3081 495 3134 de
500 3099 590 3134 rerum
598 3091 624 3134 et
631 3099 690 3134 een-
730 3085 781 3132 Sia
794 3085 902 3132 debitore
906 3081 1011 3146 psalmo
1018 3078 1058 3125 dic
1062 3080 1173 3144 pignori«
1179 3079 1241 3130 olli-

181 3161 323 3212 tertiarum
338 3159 589 3232 contextulNempe
608 3179 639 3214 ex
657 3180 689 3215 eo
728 3165 798 3231 gotio
808 3162 949 3217 mentiatur,
953 3154 1239 3224 filsr'criminilocusest.

181 3237 253 3311 quod
263 3243 328 3292 nulli
341 3253 431 3291 uocato
443 3260 537 3292 cessare
546 3244 633 3303 liceat,
644 3257 691 3293 aur
730 3238 858 3294 Nonnulli
874 3249 986 3306 utroque
1001 3230 1060 3283 loco
1077 3231 1169 3302 legunt
1181 3256 1242 3303 pro-

182 3323 335 3370 constitruum
350 3323 414 3372 diem
425 3323 537 3390 affine,
549 3320 608 3391 quis
621 3320 690 3372 male
731 3326 793 3374 lato.
801 3319 931 3372 Ceterum
941 3311 1051 3382 Ulpian.
1063 3313 1141 3384 cujus
1151 3325 1241 3367 aucto·

181 3398 270 3450 inferri
286 3411 380 3470 neget,
394 3397 513 3453 Alcidem
528 3398 639 3451 nimium
654 3397 689 3451 ad
730 3399 830 3454 ritasin
840 3397 892 3449 liae
901 3391 1064 3466 judiciorum
1076 3391 1241 3447 infernorum

181 3477 304 3532 msendos
322 3498 411 3534 manes
427 3478 597 3549 properasse?
614 3478 689 3531 Hanc
731 3479 936 3534 collationecum
947 3469 1050 3525 romani
1060 3470 1112 3524 fori
1125 3471 1243 3548 discipli·

180 3571 271 3612 contra
283 3558 431 3630 argumenti
444 3557 572 3610 rationem
586 3569 688 3632 apoeta
730 3577 766 3612 na
780 3557 893 3610 maxime
907 3552 994 3615 valet,
1013 3553 1032 3606 1.
1045 3549 1092 3614 11,
1108 3551 1147 3603 tit.
1159 3573 1172 3606 a
1185 3594 1193 3620 ‚
1205 3561 1243 3604 Dc

179 3636 326 3690 institutam
350 3637 417 3690 mihi
438 3636 607 3690 manifestum
628 3649 684 3690 est:
722 3640 796 3708 firiis
804 3636 991 3688 stillationibus
1006 3649 1032 3685 et
1040 3636 1138 3685 dirersis
1149 3647 1242 3701 tempo-

183 3742 194 3762 ·
209 3717 332 3770 Veniunt
343 3728 416 3770 certo
425 3716 518 3770 ordine
530 3717 633 3779 emec,
644 3729 685 3784 et,
729 3721 795 3770 ribus
803 3756 812 3780 ‚
821 3717 874 3787 leg.
891 3733 902 3766 r
915 3732 921 3766 :
937 3717 979 3765 Sin
990 3734 1060 3774 vero,
1071 3731 1147 3780 quum
1160 3715 1242 3763 abesse

180 3795 406 3867 quemadmodum
433 3797 518 3850 vocati
541 3809 686 3866 sequantur
725 3797 949 3867 perseveraverint,
965 3795 1110 3845 sententiam
1132 3794 1244 3858 protule-

179 3889 295 3947 oportet,
308 3877 346 3931 sic
360 3877 460 3930 nemini
473 3876 534 3930 licet
551 3874 622 3929 diem
636 3888 686 3931 stu-
729 3881 838 3940 rit,etc.,
847 3893 909 3928 cum
918 3873 1035 3925 hacnota
1047 3883 1073 3925 et
1086 3869 1241 3941 iuterpreta-

180 3965 281 4021 tutum,
293 3969 324 4010 ut
331 3957 440 4012 Herculi
450 3955 565 4030 placuit,
576 3974 687 4027 prever-
729 3959 815 4019 tione,
824 3959 866 4008 lite
879 3967 1015 4006 contestata
1024 3952 1175 4018 anteferias¹

179 4047 248 4102 tere;
268 4036 384 4091 citantur
400 4056 512 4102 omnes,
529 4057 583 4100 non
599 4049 685 4114 autem
768 4037 826 4105 195.
843 4037 930 4086 Currit.
945 4028 1168 4102 Triumphali,ait
1179 4027 1243 4100 Far,-

1048 4123 1091 4206 2⁴
