3168 5140
362 471 436 560 294
647 471 684 534 r..
713 469 890 540 suunt
918 470 1136 541 sannen

413 602 488 669 Pius
507 615 564 668 est.
582 623 685 670 cnon.
703 604 755 670 An
774 600 860 670 ultra
876 601 1002 695 majus,
1021 616 1079 670 aut
1096 603 1240 672 atrocius
1382 631 1418 684 με

354 762 358 771 ,
413 710 539 774 Natura
560 705 697 800 recipit?
713 730 819 787 usur.
835 707 973 776 Sceleris
988 708 1079 778 hunc
1100 708 1198 780 finem
1221 705 1340 803 putas?

413 812 545 881 Gradus
565 827 623 882 est.
643 835 747 882 cnon.-
764 812 855 900 Quid
873 811 960 882 ultra
978 812 1106 907 potuiti
1120 813 1241 908 objecit
1259 813 1337 884 feris

414 918 583 986 Lanianda
601 916 714 987 forsan
734 943 891 1014 corpora,
906 934 1005 1013 atque
1022 923 1097 1014 igne
1112 921 1228 988 arcuit.

415 1047 523 1092 cunr.
542 1025 677 1092 Utinam
693 1019 866 1093 arcuisset!
883 1051 925 1094 ne
940 1039 1031 1120 tegat
1044 1026 1177 1094 functos
1194 1026 1338 1111 huntus,

416 1127 467 1196 Ne
486 1127 592 1198 solvat
609 1125 708 1224 ignis!
726 1129 840 1198 avibus
862 1130 1043 1225 epulandos
1060 1131 1136 1201 licet
1384 1159 1421 1212 ,ss

367 1331 492 1384 «Sinesas
500 1331 649 1383 hisfinibus
657 1349 712 1384 sese
721 1331 869 1394 contineat,
915 1329 1057 1384 vorandos.
1078 1331 1148 1384 Male
1169 1332 1250 1402 igitur
1271 1349 1422 1404 expressum

363 1410 458 1462 Atreus
466 1411 526 1481 pius
539 1422 578 1462 est
588 1435 611 1461 ι.
626 1410 803 1462 Posteriorem
815 1429 874 1462 sen·
915 1409 1105 1481 abinterprete
1110 1409 1213 1464 Gallico
1224 1411 1370 1463 recentiore
1379 1431 1424 1481 pu·

364 1508 423 1541 sum
442 1507 502 1542 cum
523 1488 636 1542 Forcell.
656 1493 809 1557 amplector.
832 1490 872 1542 De
916 1503 1001 1542 tamus
1018 1507 1026 1542 t
1042 1490 1104 1542 Pur
1119 1509 1169 1542 aare
1186 1490 1257 1542 dieue
1272 1491 1336 1562 qu'r‘l
1349 1511 1374 1541 se
1382 1493 1424 1554 fiis

365 1568 414 1621 bac
423 1566 533 1622 dicendi
545 1567 724 1632 forma,sistut
732 1569 810 1635 nesus,
817 1572 873 1640 pius
916 1569 1420 1640 eomuue'deiesprt‘serd'uapeedetem,

365 1660 409 1712 est,
424 1647 479 1701 vid.
493 1645 687 1702 Animadverss.
702 1661 812 1702 nostras.
916 1647 946 1700 de
962 1649 1013 1700 leur
1025 1649 1116 1716 nfitter
1128 1649 1161 1700 les
1174 1649 1265 1702 derotrs
1275 1649 1308 1700 du
1322 1649 1421 1712 liciter,

405 1731 471 1797 746.
483 1726 584 1781 Sceleris
594 1721 656 1778 lsuirc
661 1725 748 1795 finem,
763 1741 814 1781 etc.
826 1727 874 1780 Se·
917 1728 947 1779 de
958 1728 991 1780 les
996 1729 1064 1795 scire
1074 1731 1148 1780 serati·
1156 1729 1186 1780 de
1192 1733 1281 1798 pdture
1292 1747 1342 1780 atta
1352 1729 1424 1780 criseis

366 1825 436 1860 uecta
451 1807 558 1861 consol.
576 1805 608 1860 ad
628 1801 732 1866 Helas
750 1823 778 1858 rr
794 1825 802 1858 τ
817 1809 875 1861 Non
908 1819 1043 1872 ,aucteurs
1061 1819 1112 1860 etc.
1127 1807 1177 1860 Ille
1195 1805 1232 1860 sic
1247 1807 1338 1860 locum
1352 1825 1423 1861 aoce-

360 1883 420 1954 finis
435 1891 481 1938 erit
492 1886 644 1956 cupiditatis,
661 1887 705 1938 sed
715 1887 815 1956 gradus.
832 1887 874 1940 Cf.
918 1887 972 1958 pit,
986 1901 1112 1957 tanquam
1125 1887 1285 1940 scriberetur
1297 1914 1309 1935 ι
1323 1888 1422 1940 utinam

368 1964 446 2018 Herc·
464 1967 517 2019 lur.
538 1968 602 2020 sos.
918 1964 1104 2019 tantummodo
1124 1967 1186 2038 igne
1208 1965 1350 2032 arcuisset,
1370 1979 1425 2020 un·

407 2051 473 2115 7⁴7·
492 2045 562 2114 (leid
574 2046 647 2105 ulna,
663 2056 711 2097 etc.
728 2045 785 2098 Cic.
795 2046 874 2098 Verr.
919 2044 1057 2098 tummodo
1065 2045 1198 2117 sepultura
1206 2045 1365 2102 exclusisset.
1374 2059 1426 2099 taa-

370 2125 403 2187 V,
412 2125 446 2187 45
460 2143 466 2176 :
477 2125 645 2176 Verumtamen
655 2145 715 2176 mors
724 2129 756 2176 sit
764 2138 875 2178 erttemu.
920 2123 1059 2178 turismodo
1069 2123 1216 2198 epulandos
1224 2125 1316 2177 avibus
1324 2125 1428 2196 abjecis-

369 2202 486 2256 Nouerit.
497 2206 574 2256 Estne
583 2203 677 2276 aliquid
684 2206 757 2266 ultra,
770 2224 878 2276 qrsopro-
920 2206 974 2257 set!
987 2232 998 2252 »
1021 2203 1067 2258 sed
1081 2223 1112 2257 ex
1122 2224 1196 2277 seqq.
1210 2217 1294 2256 votum
1308 2217 1358 2267 est,
1377 2217 1425 2258 etc.

368 2283 438 2352 gredi
459 2283 585 2335 erudelitas
607 2287 708 2354 possita
730 2285 875 2354 Reperiatur.
918 2283 1122 2356 intelligendum
1143 2296 1216 2356 patet
1237 2306 1248 2328 ι
1265 2275 1368 2338 aunarii
1389 2303 1426 2338 se·

370 2361 449 2425 Nam,
471 2364 564 2414 illorum
582 2363 650 2414 liberi
668 2382 739 2433 quum
759 2375 827 2416 erunt
844 2385 878 2415 se·
920 2364 1029 2435 pultura
1040 2377 1066 2416 et
1077 2365 1148 2434 rogis
1158 2363 1316 2427 caruissent,
1328 2365 1427 2417 utinam

370 2445 422 2494 eriri
432 2447 539 2512 pereusu
552 2463 583 2493 uc
597 2444 690 2504 necati,
707 2462 806 2513 corpora
815 2444 878 2510 seris
920 2444 1012 2496 avibus
1025 2443 1154 2514 pabulum
1170 2443 1257 2496 relicti
1269 2442 1388 2497 fuissent.
1397 2445 1423 2495 l·

370 2519 517 2589 objicientur.
539 2521 652 2586 Quintil.
673 2519 786 2576 declam.
807 2521 877 2587 XII,
920 2521 1001 2588 Quod
1029 2541 1085 2575 esse
1111 2540 1161 2594 pro
1188 2522 1319 2594 supplicio
1344 2523 1428 2582 solet,

375 2605 407 2662 sd
423 2619 430 2653 ε
448 2601 516 2653 Mors
530 2613 591 2652 certe
599 2600 660 2670 finis
674 2612 718 2664 est,
733 2621 775 2652 uer
787 2605 878 2653 suedia
921 2620 1018 2672 nempe
1031 2620 1120 2655 carere
1132 2603 1267 2673 sepultura
1279 2615 1307 2654 et
1318 2602 1381 2654 feris
1394 2601 1430 2654 di·

370 2679 435 2730 ultre
444 2683 503 2748 satu
515 2681 630 2752 procedit.
646 2683 700 2732 Aut
710 2683 782 2732 etiam
793 2686 815 2732 si
826 2685 879 2753 quis
922 2679 1076 2734 laniandum
1097 2681 1199 2744 deseri,
1223 2681 1275 2734 hoc
1299 2682 1327 2732 in
1350 2701 1380 2734 ea
1400 2700 1429 2734 re

370 2758 430 2812 adeo
451 2761 567 2813 hominem
587 2763 668 2823 exuit,
689 2771 717 2811 ut
736 2759 770 2812 ibi
784 2779 879 2830 punam
922 2758 1002 2814 debet
1012 2763 1100 2832 expeti
1111 2773 1137 2815 et
1148 2773 1210 2814 roto
1220 2759 1429 2832 flagitarhnam,

370 2853 472 2910 quaerat,
493 2841 533 2896 ubi
549 2860 629 2891 sensus
644 2841 733 2890 doloris
750 2858 798 2890 non
816 2844 880 2892 iuve-
923 2853 953 2892 ut
975 2839 1056 2894 modo
1079 2839 1150 2905 dixi,
1171 2841 1193 2892 si
1212 2840 1335 2910 Thyeste
1355 2839 1430 2893 liberi

371 2921 433 2984 aiat,
451 2927 538 2991 'sempe
559 2921 675 2971 wdareru
692 2918 755 2984 seris
776 2920 880 2989 objiciet.
923 2920 1016 2974 avibus
1028 2921 1143 2993 ferisque
1156 2919 1283 2991 pabtdurn
1298 2919 1359 2972 facti
1371 2919 1431 2972 luis·

371 3001 476 3064 Scilicet
483 2997 694 3052 crudelissimum
701 2995 772 3069 apud
781 3012 881 3052 veteres
923 3012 998 3066 sent,
1010 2999 1042 3052 iis
1057 3019 1112 3052 non
1130 3011 1220 3071 pastus
1235 3010 1302 3052 esset
1313 2999 1430 3069 genitor,

372 3079 529 3146 habebatur,
540 3077 653 3131 mortuis
662 3078 823 3150 sepulturam
837 3077 882 3132 de·
924 3079 946 3130 si
965 3079 1069 3150 ignibus
1089 3079 1218 3150 prohibiti
1234 3079 1361 3142 fuissent,
1377 3096 1432 3130 non

373 3178 482 3232 negare,
501 3169 665 3230 corporaque
681 3158 772 3210 avibus
785 3169 812 3209 et
824 3158 880 3209 bel·
924 3159 1431 3229 eosAtreusgenitoriapposuisset,etc.

372 3242 423 3294 luis
434 3239 603 3311 permittere,
616 3238 677 3309 quia
688 3237 880 3308 insepultorum
923 3268 963 3278 -
972 3237 1011 3292 Ne
1025 3250 1104 3310 tegat,
1115 3251 1169 3291 ¹etc.
1183 3237 1244 3290 Non
1258 3237 1432 3313 sepeliantur,

374 3321 474 3373 umbrae
486 3319 514 3370 iu
530 3319 653 3370 citeriore
667 3311 754 3386 Stygis
769 3316 827 3386 ripa
842 3335 881 3368 er·
924 3335 980 3369 non
991 3317 1051 3386 igne
1062 3329 1228 3382 torreantur,
1243 3316 1297 3370 boc
1310 3329 1432 3388 peropta-

372 3420 446 3466 rare‚
466 3417 515 3451 uec
535 3409 596 3450 ante
616 3395 740 3450 saeculum
761 3409 880 3448 exactum
923 3395 1433 3468 mus.Virg.AEn.X,903:«Unumhoc,

373 3477 505 3532 transvehi
516 3475 701 3530 credebantur.
712 3472 806 3546 Virgil.
819 3477 879 3530 AEn.
923 3475 1014 3546 per,si
1024 3489 1121 3546 quaest
1129 3475 1206 3530 victis
1214 3476 1291 3528 venia
1301 3476 1433 3538 hostibus,

374 3561 430 3623 vt,
446 3557 499 3609 325
513 3571 539 3609 et
552 3575 625 3628 seqq.
924 3573 981 3617 oro,
993 3557 1098 3624 Corpus
1113 3557 1196 3608 humo
1210 3555 1310 3626 patiare
1326 3556 1388 3624 tegi.
1401 3581 1411 3599 ·

412 3639 478 3707 748.
492 3637 560 3705 Igne.
573 3634 688 3688 Funebri
702 3653 774 3706 rogo.
965 3634 1031 3704 750.
1042 3633 1127 3688 Sotvu
1134 3637 1205 3702 ignis.
1213 3634 1285 3706 Ignis
1293 3635 1434 3706 euirnpro·

412 3725 477 3785 749.
489 3715 586 3766 Utinam
594 3719 716 3777 arcuisset,
726 3725 775 3766 etc
784 3713 880 3765 Melius
924 3715 1012 3784 prium
1024 3726 1064 3768 est
1077 3715 1165 3766 solvere
1179 3726 1224 3766 aut
1236 3714 1372 3766 desolvere.
1383 3713 1435 3766 Lu-

317 3811 323 3824 ·
372 3797 443 3848 cnirn
456 3795 546 3848 suisset
559 3813 603 3848 eos
616 3794 691 3846 omni
703 3794 764 3862 igne
777 3793 879 3855 arceri,
924 3811 982 3844 carr.
998 3793 1433 3856 111‚506:·Necs01umsilvas,

272 3877 275 3882 ’
372 3893 450 3946 quam
466 3873 534 3944 patri
549 3887 631 3926 tostos
644 3873 879 3944 apponi;omnino
924 3869 970 3924 sed
979 3889 1038 3924 saxa
1047 3871 1434 3944 ingentiasolrit.·--Asibus

372 3974 427 4006 oon
437 3953 555 4017 humari,
565 3971 644 4025 quarn
655 3953 683 4005 in
696 3952 786 4024 patriis
797 3951 879 4004 visce·
922 3951 1067 4021 epulandos,
1088 3964 1138 4006 etc.
1161 3952 1239 4006 cont.
1256 3951 1338 4005 Hom.
1359 3949 1435 4004 Iliad.

372 4033 446 4087 ribus
458 4029 738 4102 sepeliri3epulandos
751 4031 811 4084 ieris
824 4031 878 4083 ari·
923 4031 1008 4093 xv1‚
1033 4029 1107 4096 8363
1126 4033 1226 4096 XXII,
1250 4031 1314 4084 335.
1336 4031 1433 4102 Virgil.

371 4109 472 4183 busque
480 4109 757 4182 tradi,quamprsuberi
767 4109 879 4182 genitori
925 4113 982 4163 AEn.
998 4109 1039 4176 X,
1053 4110 1126 4180 559,
1141 4123 1192 4165 etc.
