3168 5140
333 509 404 584 252
617 513 655 581 L.
683 511 859 581 ANNAEI
888 498 1122 582 SENECAE'

565 646 694 729 Certet,
710 645 856 714 Danubii
872 643 994 714 vadum

567 749 675 818 Audet
691 751 747 844 qui
761 749 861 844 pedes
878 749 1023 845 ingredi,

566 857 610 924 Et
630 878 828 950 quocunque
849 854 922 926 loco
936 855 1048 949 jacent

565 962 659 1030 Seres
681 959 801 1031 vellere
823 960 967 1050 nobiles3

331 1153 392 1196 auut
400 1139 524 1193 Sarmatia
529 1139 752 1212 iterperCaapioa
760 1157 835 1194 mou·
878 1140 953 1196 bium
965 1140 1027 1212 gelu
1040 1150 1192 1194 concretum
1204 1136 1302 1193 audent
1312 1138 1387 1212 pedi·

330 1217 834 1274 teaveloccluderevelrecludereauam
879 1221 930 1274 bua
945 1233 1061 1283 maere,
1077 1231 1108 1272 ut
1126 1237 1219 1272 omues
1238 1218 1387 1290 explicant,

330 1297 453 1352 Sanuatae
461 1289 508 1366 (de
519 1298 616 1370 quibua
626 1297 680 1352 vid.
691 1299 770 1352 llere.
783 1301 834 1352 fur.
880 1313 925 1352 aut
929 1299 1026 1371 potius,
1031 1310 1063 1350 nt
1068 1298 1145 1352 nobie
1151 1296 1317 1371 videtur,qui
1323 1315 1388 1370 praa·

332 1369 398 1447 539)
412 1378 445 1430 ab
458 1377 544 1432 Iberia
556 1391 584 1432 et
597 1378 707 1433 Albania
717 1379 835 1432 Cauoaao
880 1379 974 1450 cipitea
987 1377 1104 1431 Danubii
1118 1375 1201 1432 undaa
1216 1397 1273 1430 uon
1295 1377 1387 1431 timent

330 1470 356 1511 et
363 1457 464 1529 Caapiia
472 1458 609 1511 montibus
617 1469 780 1530 separantur,
787 1475 837 1511 uec
880 1477 1012 1531 auperare.
1033 1455 1108 1522 Quid
1125 1458 1197 1510 enim
1213 1470 1253 1510 eat
1270 1455 1387 1511 audaciae

330 1537 454 1592 trauaitua
471 1549 510 1589 eat
529 1536 655 1590 Sarmatic
672 1537 701 1590 in
717 1536 838 1608 regiouea
880 1537 978 1591 flumen
996 1550 1151 1591 concretum
1169 1536 1253 1608 glacie
1266 1535 1387 1607 ingredi?

331 1615 531 1680 meridionalea,
556 1617 606 1670 niai
633 1635 681 1688 per
707 1617 837 1686 angustiae
881 1617 941 1670 Scio
959 1617 987 1669 iu
1004 1617 1083 1669 Herc.
1104 1616 1167 1669 Fur.
1185 1614 1258 1681 5³3,
1272 1618 1329 1686 jam
1345 1614 1387 1669 di·

330 1693 470 1768 quaadam,
484 1695 517 1748 ab
530 1696 613 1748 Iberia
628 1707 654 1748 et
669 1695 778 1750 Albania
792 1713 837 1748 oo·
880 1697 947 1750 xiaae
958 1708 1062 1768 poetam
1079 1699 1125 1748 aeri
1136 1697 1241 1748 semitam
1252 1694 1385 1758 Samaeis,

330 1785 453 1846 cupalaa,
472 1793 536 1846 quaa
557 1775 658 1845 Cuspius
674 1785 771 1845 portas,
794 1775 837 1828 vel
880 1795 927 1848 qua
948 1794 1023 1846 napea·
1042 1793 1112 1826 naves
1130 1775 1230 1826 eatbam
1249 1774 1387 1836 teuderam

331 1855 504 1926 Cuspiaspylas
510 1855 692 1907 nominabant.
700 1854 837 1918 Nonnulli,
879 1854 925 1908 aed
936 1853 1001 1926 quid
1009 1853 1094 1908 voluit
1104 1854 1232 1920 inuuere,
1242 1854 1295 1906 uiai
1305 1853 1386 1925 [rigua

329 1933 358 1985 in
369 1933 650 2004 quibuaPlin.V1,11,
660 1933 766 2006 Caspiae
776 1951 838 2004 por·
880 1953 935 1987 esee
952 1935 1111 1987 acerrimum
1128 1934 1156 1986 in
1173 1933 1215 1985 bia
1234 1933 1387 2004 regionibus

331 2026 369 2066 aaa
380 2011 570 2083 distinguuuta
583 2013 731 2077 Caucasiis,
744 2011 776 2065 ad
787 2013 838 2082 Cy·
880 2032 945 2086 quaa
954 2013 1060 2066 intravit
1071 2011 1216 2066 Herculea?
1225 2011 1275 2066 llic
1287 2024 1388 2076 autern,

314 2111 389 2144 ¹rnrn
415 2111 517 2144 amnem
536 2091 600 2144 sitia.
619 2092 646 2144 Si
664 2092 780 2144 Plinium
797 2111 836 2144 ae·
880 2111 929 2146 uec
947 2091 981 2146 de
1002 2093 1100 2163 frigore
1115 2091 1224 2162 quaestio
1239 2104 1294 2157 eat,
1308 2090 1388 2157 et,ai

329 2189 457 2243 quanm,
471 2171 555 2242 liquet
566 2169 654 2224 dicere
665 2171 790 2224 Senecam
802 2169 838 2223 de
880 2174 940 2244 quia
950 2170 1118 2226 contenderit
1129 2169 1290 2224 destinatum
1303 2183 1388 2242 poeta

331 2250 462 2306 Caucasiia
478 2250 614 2320 augustiis.
624 2251 779 2304 -Tacitua
797 2250 838 2303 bia
881 2252 1012 2317 luiaae,ut
1020 2250 1251 2323 septentrionalem
1258 2251 1387 2322 populum

329 2330 377 2383 bae
391 2330 523 2400 augustias
538 2329 708 2393 memoravit,
723 2329 791 2382 Hiat.
808 2331 836 2394 1,
881 2330 1043 2404 designaret,
1062 2350 1116 2386 nou
1138 2331 1219 2401 magia
1239 2349 1271 2383 ex
1294 2347 1327 2382 eo
1346 2329 1386 2381 in·

330 2413 347 2460 6
362 2428 369 2460 2
389 2435 401 2456 ι
416 2446 454 2461 ...
466 2408 666 2480 prumieaoaque
678 2407 712 2460 ad
726 2408 838 2462 claustra
881 2411 996 2481 telligam
1006 2449 1014 2476 ,
1023 2429 1071 2464 cur
1083 2411 1205 2463 virtutem
1217 2407 1388 2481 appellaverit

330 2487 484 2558 Caspiarum
504 2500 531 2542 et
546 2487 644 2540 bellum
662 2485 735 2558 quod
749 2488 776 2539 iu
791 2488 837 2539 Al·
881 2489 997 2562 rigidum
1014 2488 1114 2542 flumen
1129 2487 1244 2560 pedibua
1259 2489 1367 2542 calcare.

329 2569 412 2620 banos
422 2567 545 2637 parabat.
557 2604 578 2618 ..
591 2592 615 2619 ι.
626 2565 668 2619 Ad
678 2567 790 2620 alterum
800 2567 840 2619 lo·
923 2571 988 2641 379.
999 2569 1076 2622 Seres.
1085 2568 1182 2638 Populi
1191 2567 1308 2639 Scytbiu
1317 2567 1388 2620 Asia·

329 2665 390 2700 com
406 2642 490 2708 (Anu.
504 2646 563 2708 VI,
578 2642 631 2711 33)
647 2647 746 2700 Seneca
763 2643 838 2699 vide·
881 2649 947 2701 aicae.
969 2647 1084 2701 Videtur
1109 2660 1186 2720 poeta
1211 2665 1267 2700 non
1291 2660 1388 2701 temere

329 2737 373 2779 tur
384 2725 509 2779 allusione.
520 2724 624 2778 Scilicet
634 2745 719 2798 quum
733 2725 839 2778 Mithri·
881 2741 971 2798 gentes
990 2729 1061 2780 iuter
1075 2746 1103 2780 ae
1119 2727 1232 2780 maxime
1249 2723 1388 2787 diatautea.

328 2804 631 2860 datesetharaemauee
639 2804 736 2857 bellum
745 2815 838 2858 contra
881 2807 956 2860 Seres
970 2818 996 2859 et
1009 2806 1124 2878 populos
1136 2805 1252 2858 Danubii
1273 2806 1388 2870 accolae,

329 2885 440 2939 Partboe
452 2896 590 2956 gererent,
602 2884 740 2949 Sarmatae,
751 2885 837 2937 utrin·
880 2886 1016 2938 mentione
1038 2885 1221 2957 conjunxieee3
1240 2903 1337 2956 nempe
1358 2896 1389 2937 ut

329 2983 381 3036 qne
399 2962 477 3016 donia
497 2963 626 3034 acceptia,
645 2963 752 3034 utrique
767 2964 837 3035 parti
880 2965 1041 3036 intelligatur
1063 2977 1190 3036 quautam
1218 2965 1273 3016 rim
1295 2964 1389 3017 babeat

327 3043 426 3097 auxilia
450 3061 478 3096 ae
503 3042 628 3096 miaauroa
652 3043 835 3113 promiserant.
879 3062 989 3115 regnum
1010 3045 1037 3096 in
1057 3055 1145 3096 mente
1165 3045 1235 3097 bona
1256 3044 1386 3115 positum,

329 3122 382 3178 Sed
405 3121 574 3178 Mithridates
598 3134 626 3174 et
650 3121 837 3176 Pharasmanes
881 3142 963 3196 quum
989 3135 1040 3176 atet
1059 3123 1200 3176 immotum
1219 3136 1310 3176 contra
1335 3135 1388 3176 tam

328 3222 396 3274 quoa
417 3201 578 3274 adjuvabant
594 3201 689 3254 Albani
703 3212 730 3254 et
750 3201 837 3263 Iberi.
880 3204 966 3256 variae
986 3215 1077 3276 gentes
1097 3214 1124 3256 et
1146 3221 1178 3255 ex
1205 3213 1246 3255 tot
1267 3201 1389 3274 partibua

329 3283 404 3337 facile
414 3282 555 3343 Sarmatae,
570 3299 619 3352 per
628 3281 737 3352 Cmpiae
748 3281 835 3353 pylas,
881 3283 1010 3338 exercituo
1024 3282 1333 3336 normaton-Vellere
1344 3300 1388 3334 rao·

245 3389 246 3394 =
332 3357 837 3424 «iuArmenioaell‘uudunt;atSarma·
881 3363 947 3415 lllea.
962 3362 1036 3415 Serea
1049 3361 1120 3414 enim
1133 3361 1249 3415 celebrer
1262 3372 1388 3414 erantte·

329 3455 361 3495 tu
376 3441 422 3512 qui
436 3440 539 3494 Parthia
555 3437 747 3506 adventabant,
762 3440 838 3494 facile
881 3440 1015 3495 nuiaaimia
1028 3441 1107 3504 lania,
1125 3458 1192 3513 quaa
1205 3458 1238 3492 ex
1250 3440 1389 3493 arboribua

328 3521 508 3584 arcebantur,
536 3537 619 3590 quum
638 3518 704 3572 alioa
723 3519 837 3572 iuceaaue
881 3539 934 3574 sue
948 3519 1062 3592 regionis
1078 3520 1199 3574 collectae
1217 3517 1389 3590 ooulioieudia

327 3599 411 3653 boetia
427 3599 575 3663 clamiaaet,
591 3616 675 3651 unum
690 3599 837 3670 reliquum,
880 3599 1002 3672 pretiosis
1017 3599 1133 3652 veatibua
1151 3598 1179 3652 iu
1201 3617 1294 3652 omues
1313 3611 1390 3652 terra

329 3697 401 3732 mare
416 3677 485 3731 iuter
498 3691 525 3730 et
534 3690 664 3732 extremoa
672 3677 837 3731 Albanorum
881 3691 969 3752 partes
984 3677 1088 3732 mittere
1102 3679 1229 3732 aolebaut.
1250 3677 1320 3733 Plin.
1334 3679 1390 3743 vl,

329 3771 449 3822 montes,
461 3767 534 3811 uataa
547 3755 705 3829 impediret,
715 3757 777 3829 quia
790 3756 837 3809 lla·
885 3775 933 3829 17:
941 3757 1010 3812 Seras
1017 3759 1105 3812 haicio
1113 3759 1224 3810 summ
1231 3757 1330 3823 nobiles,
1338 3769 1388 3812 eto.

329 3839 401 3892 tibua
414 3837 560 3890 Etesiarum
575 3836 720 3907 implentur
733 3834 807 3890 aada.
821 3861 833 3884 ι
881 3838 959 3910 Virg.
975 3839 1222 3910 Georg.11,121:·
1232 3833 1390 3909 velleraque

330 3917 420 3970 Valer.
434 3916 521 3969 Placc.
536 3916 573 3979 V,
587 3919 640 3978 dol
655 3933 663 3968 t
683 3942 694 3962 ι
704 3916 764 3969 Jam
777 3935 837 3989 per·
881 3928 911 3971 ut
926 3918 997 3972 foliis
1009 3917 1148 3990 depectant
1165 3915 1255 3970 tenuia
1270 3916 1356 3970 Serea.
1373 3942 1385 3964 ι

330 3997 392 4068 vigil
407 3995 481 4049 illum
497 3993 593 4049 Medus
607 4007 634 4048 et
648 3996 777 4068 opponitia
790 4013 837 4049 ex·
882 3997 959 4052 Adde
972 3999 1062 4051 Seuec.
1081 3995 1156 4068 epiat.
1175 4013 1219 4064 90.
1233 3996 1334 4049 Lucan.
1349 3997 1386 4057 X,

329 4089 428 4150 spectat
441 4075 525 4128 lberia
539 4075 667 4128 oluuatria.
679 4101 691 4121 ι
886 4085 949 4142 ¹⁴¹·
960 4077 1007 4130 Sil.
1017 4077 1111 4141 XVII,
1125 4073 1180 4146 596
1190 4095 1198 4141 3
1210 4073 1348 4130 Claudiau.
1360 4074 1388 4128 iu

370 4157 432 4228 ³76.
450 4153 558 4208 Danubii
568 4153 666 4208 vadum.
681 4154 735 4218 Qui
748 4155 840 4208 Danu·
883 4154 993 4212 Consul.
1006 4156 1086 4210 Prob.
1102 4167 1128 4208 et
1143 4155 1240 4226 Olybr.
1258 4173 1323 4224 ¹79·
1336 4155 1390 4209 bu.
