3090 5142
478 531 787 600 urssunrluo.
1003 509 1006 516 “
1140 529 1174 598 tx

140 655 175 718 ln
191 653 259 716 hoc
276 650 407 715 tantillo
425 651 620 740 tragicorum
639 672 848 714 romanorum
865 665 966 730 coetu,
982 651 1170 716 continetur

102 777 130 824 et
141 759 269 823 Senecae
278 779 422 838 nomen,
439 757 492 821 cui
506 755 616 822 decem
629 756 851 820 attribuuntur
862 753 1038 844 tragoediae,
1055 755 1096 820 ad
1106 779 1166 822 nos

104 887 202 952 mque
219 860 388 926 traductae.
407 860 473 926 Sed
488 879 599 925 utrum
616 861 859 940 celeberrimus,
877 861 933 947 qui
952 861 998 924 sic
1016 862 1166 926 nomina·

103 987 163 1050 tur,
172 967 406 1055 Philosophus,
416 967 469 1030 vel
479 983 570 1054 pater
580 966 648 1046 ejus
660 965 857 1031 Rhetorillas
869 966 928 1029 sihi
936 967 1008 1046 jure
1016 966 1168 1050 vindicet,

102 1099 140 1138 an
156 1073 238 1137 inter
255 1073 426 1162 geminos,
442 1071 532 1161 quod
545 1073 643 1161 vulgo
657 1070 808 1152 creditur,
823 1070 1019 1155 dividendae,
1034 1088 1089 1139 aut
1104 1075 1169 1138 utri

103 1181 232 1268 singulae
266 1177 490 1243 adscribendae
521 1178 603 1262 sint,
634 1199 701 1242 non
733 1177 824 1242 facile
854 1179 1003 1242 omnium
1037 1202 1170 1246 assensu

106 1284 332 1366 dijudicabitur
343 1284 404 1372 (r).
425 1281 463 1348 ld
479 1305 582 1348 unum
601 1298 744 1365 constat,
762 1283 915 1348 Senecam
934 1284 1170 1373 Philosophum

105 1407 135 1456 et
157 1391 249 1479 poesi
279 1389 457 1469 vacavisse;
481 1405 515 1453 et
535 1388 708 1462 verisimile
739 1386 891 1470 dixerim,
918 1389 1089 1472 Senecam,
1116 1393 1169 1456 cui

107 1497 327 1579 Quintilianus
344 1493 492 1559 Medeam
510 1493 672 1568 attribuit,
692 1492 843 1558 eumdem
861 1509 1042 1584 essentque
1059 1496 1170 1560 Philo·

105 1603 253 1692 sophum.
269 1600 479 1690 Opinabatur
487 1599 613 1690 Lipsius
626 1597 737 1663 decom
748 1621 820 1688 quae
829 1599 1104 1668 circumferuntur
1112 1617 1171 1665 tra-

106 1835 174 1906 qnod
188 1833 417 1888 declamationem
438 1845 529 1888 contra
548 1845 674 1906 tyrannos
694 1830 856 1886 recitaverat
879 1833 969 1897 Quum
985 1833 1067 1887 multa
1084 1832 1171 1886 istius·

105 1921 174 1974 modi
186 1923 216 1975 in
227 1922 334 1976 Catone
345 1919 513 1976 declamandi
522 1919 582 1974 data
592 1921 709 1983 occasio,
718 1937 766 1991 pm
773 1919 922 1991 argumenti
932 1931 1036 1984 natura,
1049 1919 1171 1974 videatur

105 2009 182 2078 (enni.
195 2007 317 2080 ejusdem
329 2006 428 2078 dialogi
436 2019 515 2078 caput
526 2005 686 2076 decimum),
704 2005 754 2060 hac
763 2003 797 2058 de
809 2005 908 2059 Cutone
919 2005 1047 2078 tragoedia
1056 2018 1169 2060 mortem

105 2098 141 2148 illi
152 2097 257 2149 allatam
267 2095 391 2148 arbitror.
410 2095 491 2148 Favet
500 2107 593 2149 nostru
608 2095 765 2166 conjecture
781 2104 807 2146 et
820 2091 965 2146 secundum
980 2112 1042 2166 cap.
1056 2095 1086 2146 in
1099 2113 1168 2167 quo:

106 2187 186 2238 -rtam
198 2195 309 2256 postero
319 2181 363 2236 die
373 2220 381 2247 ,
391 2201 471 2255 quam
481 2181 612 2235 Curiatius
626 2181 760 2235 Maternus
769 2182 896 2236 Catonem
910 2182 1074 2246 recitaverat,
1086 2201 1169 2255 quum

107 2272 247 2326 oilmdisse
261 2271 409 2344 potentium
423 2270 523 2324 animoa
537 2269 682 2336 diceretur,
696 2283 821 2342 tanquam
841 2271 870 2324 in
891 2289 924 2323 eo
941 2270 1074 2342 tragaedire
1093 2264 1170 2342 aigu-

106 2375 200 2424 mento‚
211 2361 314 2414 oblitus
325 2359 492 2425 sni,tantum
506 2359 631 2413 Catonem
644 2359 796 2431 cogitasset,
805 2371 854 2414 etc.
863 2383 875 2405 ι
887 2358 921 2412 Et
935 2379 965 2413 ea
975 2360 1045 2413 tertii
1057 2361 1147 2431 capitis
1160 2381 1168 2416 ι

105 2451 190 2503 ·‘l⁸nm
207 2447 352 2502 Secundus
365 2467 371 2502 :
388 2448 435 2502 Nil
447 2459 489 2510 te,
500 2447 603 2518 inquit,
618 2448 750 2512 Materne,
762 2448 858 2502 fabule
868 2448 1043 2519 malignorum
1055 2461 1168 2512 terrent,

104 2557 157 2608 qao
169 2537 257 2590 minus
274 2537 393 2590 offensas
412 2535 521 2588 Catonis
534 2535 573 2588 tui
585 2535 677 2590 ames?
690 2555 724 2590 sn
741 2536 802 2590 ideo
820 2537 917 2590 librum
929 2536 1007 2589 istum
1020 2537 1169 2608 apprehen·

103 2625 177 2686 disti,
187 2637 216 2678 ut
229 2624 384 2696 diligentius
393 2635 564 2689 retractares,
574 2637 600 2676 et
609 2623 738 2688 sublatis,
754 2625 778 2678 si
790 2641 848 2696 quse
858 2643 964 2694 pravam
978 2624 1167 2697 interpretandi

105 2716 243 2768 materiam
257 2713 404 2774 dederunt,
422 2712 555 2766 emitteres
574 2711 718 2786 Catonem,
737 2731 791 2766 non
814 2711 923 2784 quidem
943 2713 1097 2780 meliorem,
1121 2715 1168 2768 sed

105 2817 192 2856 nmen
204 2803 381 2856 securiorem.
390 2825 404 2846 ι

140 2895 175 2957 (ι)
192 2889 403 2956 Qnehactenns
414 2885 450 2940 de
466 2905 493 2940 es
512 2907 541 2942 re
558 2886 779 2960 disputatum,
793 2890 1069 2962 conjecturismagis,
1087 2909 1167 2964 quam

105 2977 202 3032 cilicis
216 2975 471 3049 investigationibus
488 2974 616 3028 nituntur.
625 2975 808 3040 Quintilianus
821 2977 895 3044 (lust.
911 2977 956 3046 X,
973 2996 996 3043 t,
1012 2978 1169 3048 125>,inter

105 3065 154 3118 alia
166 3065 274 3119 &nece
286 3081 369 3136 opera
377 3099 385 3124 ‚
394 3075 547 3134 poematum
562 3081 670 3136 quoqne
685 3065 845 3118 mentionem
859 3064 962 3138 injicit;
976 3065 1049 3137 quod
1062 3085 1120 3119 non
1132 3068 1170 3136 ri·

104 3153 179 3208 detur
192 3150 368 3208 solummodo
382 3149 569 3222 accipiendum
585 3151 619 3205 de
632 3153 766 3207 notissime
785 3157 814 3206 in
828 3157 1014 3226 imperatorem
1026 3153 1169 3208 Claudium

104 3255 198 3314 satyra.
207 3245 281 3296 toea
290 3259 323 3294 ex
332 3241 439 3294 Senecas
448 3238 550 3312 scriptis
559 3240 638 3312 vulgo
647 3241 837 3314 nllata,quibus
851 3261 912 3296 eum
924 3252 1028 3313 poetam
1041 3241 1123 3296 luisse
1131 3261 1170 3296 sr-

104 3343 208 3400 3aatnr,
215 3347 314 3401 parum
324 3327 403 3380 firma
414 3326 544 3398 probandi
554 3339 617 3382 sunt
626 3340 792 3400 argumenta.
797 3331 830 3382 ln
840 3348 883 3400 ep.
895 3347 955 3398 107,
965 3327 1066 3399 aliquot
1073 3329 1168 3384 Clean.

102 3417 156 3472 this
165 3435 257 3472 emens
274 3415 368 3470 latinis
385 3415 482 3468 iambis
498 3413 598 3478 reddit,
615 3414 663 3469 sed
683 3434 737 3469 uon
754 3415 810 3468 sine
823 3415 1007 3468 excusatione:
1024 3441 1036 3462 ι
1048 3455 1090 3471 .....
1102 3438 1170 3491 quos

105 3505 165 3558 mibi
182 3505 210 3558 in
229 3519 384 3558 sermonem
406 3511 543 3564 nostrum,
569 3502 673 3576 iuquit,
694 3514 797 3556 mutare
814 3503 995 3574 permittitur,
1017 3504 1167 3568 Ciceronis,

104 3594 148 3646 riri
160 3590 331 3646 disertissimi
346 3589 474 3660 exemplo.
492 3589 520 3642 Si
532 3590 697 3660 placuerint,
711 3590 774 3644 boni
787 3591 924 3652 consuless
942 3591 963 3644 si
973 3590 1169 3662 displicuerint,

98 3685 164 3736 scies
173 3701 216 3734 me
230 3683 259 3734 iu
274 3679 329 3732 hoc
339 3690 460 3732 secmum
468 3677 602 3732 Ciceronis
614 3678 763 3734 consilium.
771 3703 784 3724 ι
798 3679 877 3746 Quod
890 3677 990 3732 dictum
1002 3680 1123 3736 videatur
1136 3687 1170 3737 ab

97 3772 205 3826 homine
217 3771 268 3843 qni
283 3769 391 3822 nullum
404 3785 490 3840 prope
505 3785 614 3838 poeseos
632 3787 711 3824 usum
728 3769 833 3822 babeat.
850 3771 971 3822 Attamen
989 3770 1138 3825 affectatam
1153 3793 1169 3828 a

14 3925 15 3930 Ἰ
95 3863 195 3916 seam
209 3857 350 3930 poeticam
362 3855 513 3910 facultatem
528 3867 646 3918 constat,
661 3875 694 3910 ex
704 3856 790 3911 Taciti
805 3856 867 3909 loco
886 3857 998 3922 (annal.
1011 3857 1088 3922 XIV,
1110 3859 1164 3928 52),

14 3935 15 3942 ἵ
96 3967 149 4018 qno
159 3947 294 4002 scribitur
302 3944 435 3998 Senecam
449 3943 522 4016 apud
531 3945 660 4000 Neronem
673 3946 708 3998 ab
718 3944 829 3998 inimicis
838 3957 1006 4012 accusatum,
1026 3973 1038 3992 α
1045 3948 1170 4020 eloquen.

97 4037 136 4090 tie
148 4034 262 4089 landem
274 4033 325 4086 uni
339 4032 388 4086 sibi
401 4031 564 4098 adsciscere;
576 4045 602 4086 et
613 4034 730 4087 carmina
741 4032 861 4086 crebrius
875 4033 1009 4097 iactitsre,
1028 4049 1169 4108 postquam

98 4125 194 4178 Neroni
212 4141 295 4178 amor
314 4139 407 4180 eorum
429 4119 553 4180 venisset.
572 4120 639 4176 Nam
659 4121 854 4178 oblectamentis
874 4120 1005 4192 principia
1018 4124 1108 4194 palem
1122 4126 1172 4178 ini·

1004 4208 1051 4283 rl³
