3118 5138
357 513 408 582 ut
434 461 706 584 imotenus
731 516 928 584 senece.
1091 518 1170 612 cxiij

111 643 199 708 labus
223 640 366 722 additur,
377 643 429 708 'ita
445 641 533 732 apud
549 643 696 709 Comicus
713 645 851 710 iambico
869 645 1015 726 senari03
1042 647 1135 726 cujus
1154 671 1172 710 e

111 750 254 814 Varrone
265 749 507 830 meminerunt,
520 749 702 831 Charisius,
718 749 910 828 Diomedes,
924 748 1094 816 Ruffinus:
1108 753 1173 816 sin·

112 853 173 944 guli
189 851 364 917 adducunt
378 853 468 918 hunc
485 876 614 918 versum
627 855 770 920 Terentii
786 877 826 918 ex
839 857 981 944 Hecyra,

212 989 286 1042 Num
299 989 322 1042 ei
336 989 470 1042 remittent
481 989 616 1061 quippiam
629 989 792 1044 Philumene
804 989 917 1046 doloret.

151 1119 217 1185 Sed
234 1144 326 1186 nune
343 1121 487 1185 nonalia
505 1121 678 1210 persequi,
696 1137 909 1209 piteterquem
926 1120 1035 1209 tragici
1052 1120 1175 1201 noetti,

115 1227 280 1292 decretum
293 1244 351 1292 est.
988 1243 995 1250 '

153 1401 207 1463 IV.
228 1399 411 1464 lambicum
429 1402 611 1466 trimetrum
629 1402 940 1491 brachycatalectum
958 1423 1093 1482 scazon,
1115 1422 1173 1464 seu

117 1504 283 1588 claudum,
304 1507 415 1572 nescio
430 1530 471 1571 an
482 1509 538 1572 ulli
555 1507 627 1590 alii,
644 1526 779 1598 excepto
796 1510 930 1590 Seneca,
946 1506 1033 1597 apud
1044 1507 1173 1571 Latinos

118 1613 153 1676 tit
174 1612 342 1676 usitatum.
362 1612 468 1676 Habet
492 1612 568 1678 sede
588 1613 693 1702 prima
717 1613 862 1678 iambum
884 1629 940 1676 aut
962 1627 1174 1702 anapestum,

119 1717 252 1782 secunda
274 1718 443 1802 iambum,
471 1719 564 1784 tertia
589 1718 789 1810 spondeum,
809 1719 988 1808 penultima
1010 1718 1174 1795 iambum,

119 1823 224 1888 ultima
239 1823 441 1911 spondeum,
458 1839 491 1888 et
504 1815 602 1888 semel
615 1840 741 1889 tantum
754 1840 962 1914 anapaestum.
975 1823 1013 1888 ln
1028 1821 1174 1911 OEdipo,

215 1950 309 2004 Sonuit
320 1949 420 2004 reflexo
432 1950 569 2004 eleeeiem
582 1969 678 2006 cornu.

157 2065 193 2126 ln
209 2066 467 2152 Agamemnone,

215 2181 285 2234 Cum
299 2182 358 2253 lege
372 2181 466 2235 mundi
478 2183 602 2255 luppiter
614 2195 703 2255 rupte.

31 2317 34 2446 Ι
158 2309 294 2392 ibidem,

213 2435 351 2506 lusitque
361 2435 490 2489 Phoebum
504 2436 604 2492 tardius
617 2441 720 2494 celeret·

235 2531 332 2569 ..ο
382 2544 397 2558 .
446 2543 463 2558 -
513 2533 712 2576 ·0·00·

235 2613 257 2650 υ
279 2617 329 2654 υ·
355 2619 406 2655 ο·
520 2609 568 2664 '0-
620 2620 641 2657 0
664 2617 713 2654 υ·
775 2647 778 2654 .

160 2731 226 2794 lloe
245 2753 349 2818 genus
368 2731 526 2796 scazontis
542 2733 575 2795 in
591 2729 716 2796 duabus
731 2746 857 2795 tantum
870 2729 1030 2821 tragoediis
1040 2731 1171 2822 legitur:

125 2857 187 2898 nam
200 2836 259 2900 alia
273 2837 418 2926 exempla
432 2859 492 2928 ego
510 2839 635 2928 ignoro.

159 2943 323 3008 Interdum
338 2945 371 3008 in
391 2945 505 3010 eodem
525 2968 592 3009 non
609 2943 645 3008 fit
665 2945 806 3026 collisio,
825 2961 879 3027 ut,

216 3082 291 3135 Elieit
301 3101 366 3147 ete,
378 3093 438 3136 ente
452 3102 505 3136 nou
518 3083 628 3154 linguae.

161 3215 325 3280 Interdum
345 3217 551 3299 nullaelisi05
569 3217 656 3280 utin
676 3216 831 3306 OEdipo,

218 3349 341 3402 Clamore
353 3350 472 3422 primum
483 3350 584 3404 hostico
597 3349 706 3423 experti.

124 3488 255 3554 Sedhoe
272 3489 401 3556 videtur
417 3491 486 3556 lieri
501 3492 592 3558 valde
608 3490 746 3580 illepide.
1120 3571 1123 3581 .

163 3597 217 3660 Est
233 3613 265 3662 et
281 3598 418 3662 alterum
437 3619 550 3662 eoezon
566 3597 646 3662 huie
664 3596 836 3678 dissimile,
859 3597 893 3661 in
911 3619 978 3685 quo
1002 3615 1113 3664 centn
1130 3601 1175 3664 le-

126 3723 190 3788 gem
205 3725 413 3768 communem
425 3704 497 3768 loco
513 3698 692 3791 penultimo
711 3704 872 3770 trocheus
887 3704 1030 3793 ponitur,

223 3841 310 3896 Timet
321 3854 368 3896 aut
378 3842 494 3896 minaeee
507 3843 613 3897 victoris
624 3843 684 3897 im.

222 3929 395 4005 Tacitumque
405 3947 526 3985 murmur
538 3932 666 4004 pucussit
678 3949 763 3986 auree.

223 4013 380 4092 Gemuitque
392 4031 483 4073 taurus
496 4017 594 4072 Dictae
606 4018 734 4091 linquens.

240 4115 366 4152 00.0
411 4127 471 4142 ..
508 4115 637 4152 ..υ.
678 4126 701 4141 ι
