3118 5138
361 557 425 624 DE
449 555 638 625 SENECAE
661 555 942 624 TRAGOEDIIS.
1058 559 1185 652 cxxxiij

117 707 238 775 quum,
258 686 324 749 Ios.
340 685 504 774 Scaligero
516 682 644 766 judice,
663 684 705 748 sit
720 685 869 773 princeps
880 686 1053 750 latinarum
1067 704 1185 778 tragoe·

118 792 256 855 diarum.
272 791 356 853 Cum
372 788 539 878 Euripidis
555 787 737 852 Troadibus
755 805 787 853 et
805 789 940 854 Hecuba
956 792 1083 856 confert
1100 793 1184 860 Sam.

119 897 240 961 Petinrs
264 895 321 960 lib.
339 897 354 959 l
374 897 508 961 Observ.
533 919 601 984 cap.
619 895 658 970 3,
683 896 739 982 qui
761 913 836 984 post
860 896 1000 962 reditum
1017 900 1057 963 ab
1074 902 1185 965 exsilio

119 1004 271 1090 scriptam
288 1001 374 1066 banc
400 999 588 1092 tragoediam
611 1000 644 1064 in
664 1002 735 1065 aula
759 1025 778 1064 a
803 1002 1003 1094 Philosopho
1027 1007 1186 1072 existimat

120 1130 182 1197 etp.
201 1132 231 1174 1.

161 1293 191 1357 7.
214 1268 352 1348 Medea,
379 1265 442 1331 sub
458 1266 587 1330 Scnccae
603 1267 737 1329 nomine
755 1266 909 1354 allegatur
929 1289 948 1328 a
969 1265 1185 1349 Quintiliano,
1237 1337 1242 1350 ἱ

32 1401 33 1438 t
122 1375 170 1439 lib.
183 1374 249 1454 lx,
268 1397 338 1462 cap.
353 1395 387 1454 2,
401 1388 433 1434 et
446 1370 648 1458 Philosopho
665 1371 818 1434 tribuitur
833 1371 873 1433 ab
892 1371 1061 1452 omnibus,
1072 1395 1186 1459 quam·

123 1502 213 1567 quam
225 1495 322 1542 vetus
329 1475 452 1542 Lucani
463 1476 647 1540 scholiastes
659 1477 806 1540 effectam
816 1477 913 1540 firisse
921 1477 1016 1540 etiam
1029 1479 1184 1541 aLucano

32 1601 33 1604 ’
123 1584 267 1648 Medeam
282 1581 469 1673 tragoediam
485 1596 630 1644 testatur.

162 1741 191 1806 8.
210 1742 269 1804 Ex
279 1741 520 1827 Agamemnone
534 1738 730 1802 versiculum
747 1739 809 1804 sub
823 1740 951 1804 Senecae
966 1741 1100 1804 nomine
1115 1740 1183 1806 lau·

123 1845 173 1910 dat
186 1846 372 1910 Priscianus
387 1845 472 1909 libro
482 1845 537 1910 Vl.

162 2035 191 2100 9.
216 2013 366 2078 Hercules
384 2013 517 2078 OEtaeus
533 2036 571 2078 ex
588 2013 757 2101 Sophoclis
774 2013 954 2077 Trachiniis
971 2011 1181 2081 adumbratus

127 2135 185 2200 est,
210 2118 270 2184 sed
286 2120 384 2208 longe
401 2118 486 2182 infra
509 2141 648 2206 graecum
669 2116 835 2199 subsidet,
858 2140 1030 2206 sermoque
1055 2122 1181 2209 arguit,

127 2219 212 2310 longe
236 2237 312 2309 post
334 2220 475 2307 reliquas
497 2219 581 2283 hanc
602 2217 787 2308 tragoediam
805 2219 955 2306 scriptam
981 2243 1060 2286 esse.
1086 2221 1182 2310 Cujus

128 2344 228 2391 auctor
240 2330 344 2392 sitam
361 2337 522 2414 corruptus
537 2337 623 2389 estet
634 2327 764 2390 or'tt'osus
780 2325 970 2407 elocutione,
982 2340 1080 2414 'quam
1093 2329 1181 2392 rebus
1245 2315 1246 2320 ἵ

128 2449 154 2496 et
172 2436 328 2497 sententiis
346 2433 489 2520 turgidus
506 2456 523 2495 e
542 2433 693 2517 ,afflatus
724 2431 804 2494 nihil
826 2446 889 2514 est,
907 2433 994 2520 quod
1013 2432 1102 2497 illum
1124 2459 1183 2500 au·

128 2537 185 2602 dire
199 2563 388 2627 magnopere
406 2537 554 2618 velimus,
580 2537 688 2624 inquit
702 2537 860 2602 Vavassor
878 2539 933 2602 lib.
954 2539 994 2603 de
1012 2541 1043 2604 vi
1062 2557 1095 2614 et
1119 2564 1181 2605 usu

128 2645 334 2731 quorumdam
352 2644 525 2708 verborum
540 2642 725 2707 latinorum.

168 2831 214 2872 ro.
240 2809 374 2874 Octavio
391 2825 423 2872 et
440 2809 509 2897 ipsa
524 2808 645 2872 Seneca
667 2806 867 2895 Philosopho
891 2831 959 2871 non
978 2807 1133 2900 indigna,
1155 2811 1181 2873 si

129 2913 374 3005 Scaligerum(1)
394 2915 571 3002 sequimur,
590 2913 649 2977 etsi
674 2935 740 3001 prae
756 2915 887 3001 reliquis
903 2915 996 2979 humi
1014 2915 1129 3004 serpit,
1150 2931 1183 2979 et

128 3020 208 3084 lusto
218 3022 327 3110 Lipsio
337 3021 403 3084 visa
411 3021 545 3085 verbere
553 3019 756 3083 eruditorum
768 3020 965 3109 excipienda,
974 3045 1041 3086 non
1050 3022 1181 3110 plausu.

129 3125 166 3188 Fa
179 3143 287 3191 autem
307 3143 441 3191 nonest
462 3126 496 3189 in
513 3127 571 3190 MS
593 3125 718 3213 optimo
737 3127 943 3208 Florentino,
969 3126 1059 3214 quod
1076 3126 1182 3215 ipsum

129 3251 189 3294 eam
208 3249 390 3321 suspectam
406 3234 511 3296 lacere
526 3247 642 3321 potest.
660 3231 697 3295 L.
713 3233 838 3295 Annaeo
857 3231 954 3296 Floro
974 3234 1050 3296 eam‘
1067 3230 1183 3296 tribuit

129 3337 210 3403 Voss.
222 3362 254 3428 p.
276 3339 338 3417 164
354 3338 395 3403 de
410 3340 485 3403 hist.
498 3339 551 3402 lat.
569 3338 627 3426 qui
641 3340 745 3403 Instit.
761 3354 848 3426 poet.
866 3339 920 3404 lib.
931 3341 978 3420 Il,
990 3361 1021 3427 p.
1041 3340 1095 3426 76,
1111 3363 1181 3403 eam

128 3447 266 3510 omnium
285 3446 516 3534 ineptissimam
535 3460 629 3509 vocat
653 3459 686 3508 et
712 3467 795 3532 opus
818 3445 914 3532 plane
936 3445 1182 3509 scholasticum:

128 3571 224 3638 neque
240 3552 379 3616 Octaviae
387 3567 534 3638 ,mortem
547 3551 690 3640 potuisse
703 3571 881 3614 memorare
896 3551 1067 3632 Senecam,
1081 3575 1099 3615 a
1116 3552 1182 3616 Nc-

127 3675 199 3720 rone
216 3658 304 3744 prius
323 3658 528 3722 exstinctum.
551 3657 590 3720 ln
615 3655 709 3720 editis
728 3657 826 3746 vulgo
848 3671 1049 3746 postremum
1072 3657 1182 3726 locum

127 3778 274 3850 occupat,
290 3761 353 3826 nisi
367 3761 457 3849 quod
472 3763 506 3824 in
525 3763 629 3850 prima
647 3761 722 3826 edit.
737 3762 913 3849 Lipsiensi,
932 3763 1013 3826 etin
1030 3762 1098 3826 aliis
1116 3764 1185 3851 qui·

154 3989 193 4059 (1)
211 3992 269 4045 tun
282 4005 387 4059 tamen,
407 4011 489 4064 quum
507 3993 640 4065 Iosephus
659 3992 777 4064 Scaliger
799 4010 853 4044 non
874 3991 999 4044 Senecam
1023 3990 1182 4044 existimaret

125 4089 252 4132 auctorem
265 4099 322 4134 esse
337 4079 585 4153 hujus-tragodiu,
602 4080 648 4135 red
670 4082 789 4134 &nrum
810 4081 971 4141 Memorem,
988 4079 1092 4150 dequo
1106 4081 1186 4163 Voss,

125 4181 147 4234 p.
160 4168 192 4228 tt
204 4167 235 4220 de
246 4167 321 4222 Post.
332 4169 409 4222 latin.
