3118 5138
394 491 450 560 civ
496 491 743 560 HISTORICA
768 493 826 560 ET
851 493 1032 563 cumen
1057 492 1361 564 DISSERTATIO.

394 612 587 688 subtilitate,
611 613 730 700 quibus
756 611 925 678 rhetorices
947 613 1070 678 artibus
1099 613 1234 703 singulae
1260 616 1387 704 possint
1412 618 1467 680 vet

394 719 565 807 imagines,
575 718 625 782 rel
636 718 803 782 sententiae
815 719 1031 784 minutissime
1042 736 1074 783 et
1086 720 1177 806 quasi
1189 721 1224 783 in
1233 721 1335 786 frusta
1348 719 1465 798 dividi,

395 841 427 889 et
443 825 533 888 omni
549 839 639 910 parte
655 822 790 904 versari,
807 839 840 887 et
853 824 1023 912 multiplici
1038 824 1146 888 fronte
1163 847 1221 912 per
1233 825 1317 890 vices
1332 827 1464 915 exponi.

394 927 457 994 Sed
478 952 517 993 ex
533 927 647 992 iisdem
665 928 762 991 simul
779 927 900 992 ediscas
924 930 1017 1011 licet,
1040 945 1123 1016 quot
1143 945 1176 993 et
1197 947 1318 1017 quanta
1338 931 1463 1019 poetis,

393 1035 570 1125 praesertim
587 1031 782 1113 dramaticis,
799 1034 942 1098 minetur
960 1035 1079 1098 artium
1098 1035 1225 1098 illerum
1242 1058 1321 1100 usus
1341 1037 1463 1102 intem·

393 1139 567 1232 perantior.
584 1139 701 1204 Nullus
716 1137 804 1202 enim
816 1155 903 1204 vates
915 1140 1008 1227 plura
1020 1140 1124 1204 noxiae
1133 1139 1288 1204 ubertatis
1300 1143 1460 1232 exempla,

393 1267 491 1337 quam
509 1248 646 1326 Seneca,
664 1245 820 1334 praebuit,
841 1261 874 1309 et
890 1269 962 1333 quae
981 1244 1115 1310 feliciter
1129 1244 1262 1334 quidem
1279 1247 1462 1330 invenerat,

392 1353 533 1420 sednon
554 1351 630 1418 satis
646 1373 741 1440 parca
762 1365 795 1414 et
816 1351 1016 1418 considerate
1034 1375 1135 1417 manu
1154 1368 1332 1441 temperare
1353 1354 1460 1432 novit,

393 1461 509 1550 saepius
525 1457 709 1547 depravavit
724 1457 937 1547 abolevitque.
1002 1490 1006 1496 ⁴

438 1569 514 1632 Haec
532 1562 756 1652 tragoediarum
778 1585 851 1650 quae
874 1563 1002 1627 Senecae
1027 1563 1251 1628 attribuuntur
1270 1559 1459 1645 estimatio,

395 1672 535 1736 multum
553 1668 675 1755 diuque
691 1668 856 1756 perpensis
873 1668 942 1748 ejus
959 1667 1114 1756 operibus
1128 1669 1294 1753 instituta,
1315 1694 1392 1734 cum
1406 1671 1460 1750 ju·

395 1777 480 1842 dicio
498 1772 650 1840 convenit
668 1775 849 1861 (quotenus
865 1775 987 1862 patitur
1000 1775 1158 1863 propositi
1175 1775 1355 1862 conditio),
1370 1775 1460 1865 quod

397 1881 617 1966 Quintilianus
628 1877 668 1942 de
681 1900 777 1966 prosa
790 1877 858 1957 ejus
868 1880 1014 1944 oratione
1028 1879 1256 1968 serebat(lnst.
1266 1881 1316 1963 X,
1328 1905 1357 1961 r,
1374 1881 1458 1967 ¹²5l²

393 1987 469 2077 ipsis
486 1985 596 2050 Critici
613 1983 717 2046 verbis
736 1999 846 2047 nostra
861 1981 1031 2048 claudatur
1053 1983 1249 2072 disputatio:
1264 2013 1277 2040 ι
1293 1986 1407 2050 Multae
1426 1986 1457 2050 in

393 2116 433 2158 eo
450 2092 607 2176 claraeque
618 2086 805 2168 sententies,
820 2088 921 2151 multa
938 2088 1033 2151 etiam
1049 2110 1178 2154 morum
1192 2089 1292 2178 gratia
1306 2088 1459 2180 legenda:

392 2197 449 2264 sed
467 2199 502 2262 in
523 2192 707 2284 eloquendo
726 2209 879 2282 corrupta
896 2194 1071 2282 pleraque,
1092 2211 1189 2283 etque
1201 2218 1240 2260 eo
1254 2197 1460 2283 perniciosis-

396 2305 494 2382 sima,
515 2298 604 2389 quod
628 2299 796 2364 abundant
813 2298 963 2364 dulcibus
985 2300 1081 2365 vitiis.
1100 2301 1205 2365 Velles
1227 2323 1303 2365 eum
1324 2325 1386 2366 suo
1412 2303 1460 2366 in·

397 2409 493 2499 genio
510 2405 646 2488 dixisse,
661 2405 767 2469 alieno
779 2404 914 2486 judicio.
933 2405 1017 2470 Nam
1037 2406 1062 2469 si
1079 2405 1183 2494 aliqua
1198 2407 1459 2494 contempsisset,

397 2517 421 2580 si
439 2536 555 2603 parurn
574 2511 796 2600 concupisset,
814 2511 924 2596 sinon
942 2511 1051 2574 omnia
1069 2533 1127 2576 sua
1143 2528 1292 2594 amasset,
1308 2512 1335 2576 si
1350 2535 1459 2578 rerum

396 2619 542 2711 pondera
567 2616 790 2682 minutissimis
818 2615 986 2680 sententiis
1013 2639 1080 2680 non
1104 2615 1270 2706 fregisset,
1299 2640 1461 2682 consensu

396 2726 503 2814 potius
525 2721 747 2802 eruditorum,
782 2743 880 2807 quam
906 2743 1083 2809 puerorum
1120 2744 1230 2786 amore
1265 2722 1461 2812 comproba·

395 2847 522 2894 retur.»

518 2979 668 3051 (Egregium
682 2977 752 3030 banc
767 2976 975 3030 dissertationem
995 2997 1011 3030 e
1026 2978 1178 3049 germanica
1196 2979 1285 3051 lingua
1305 2980 1334 3032 in
1352 2979 1463 3033 latinam

480 3069 517 3121 ita
533 3065 672 3128 transtuli,
689 3077 719 3118 ut
735 3064 863 3118 orationis
883 3065 1039 3137 elegantiam
1053 3077 1080 3119 et
1095 3066 1198 3119 romani
1211 3067 1339 3120 sermonis
1357 3067 1462 3140 lepores

483 3154 594 3208 minime
606 3165 734 3214 sectarer,
747 3151 795 3205 sed
808 3151 867 3222 ipsa
876 3187 884 3214 ,
893 3169 951 3224 qun
962 3151 995 3206 de
1009 3151 1110 3206 Seneca
1123 3153 1205 3206 sensit
1217 3153 1256 3206 vir
1265 3151 1371 3226 judicio
1383 3155 1463 3209 excel·

482 3243 553 3308 lens,
563 3242 666 3315 integra
675 3251 701 3295 et
709 3240 863 3312 incorrupta
872 3256 1040 3310 exponerem.
1055 3240 1081 3292 J.
1093 3239 1131 3306 P.)

695 3531 1140 3564 ιιι-ᾠ-
