3172 5138
362 517 436 590 380
647 523 686 589 L.
713 521 890 591 ANNAEl
919 523 1134 592 SENECAE

414 649 540 719 Natura
559 665 680 737 vertet,
703 667 831 746 regeret
851 654 884 722 in
904 653 1028 722 fontem
1051 657 1132 722 citas

412 755 595 826 Revolutus
614 757 719 826 undas
737 758 860 844 amnis,
877 773 910 827 et
928 773 1058 828 noctem
1077 759 1194 827 afferet

411 861 555 930 Phoebea
577 861 718 958 lampas,
737 865 903 957 Hesperus
923 863 1020 933 faciet
1036 862 1131 932 diem.

414 969 461 1036 Ut
475 966 517 1036 ad
535 970 680 1040 miserias
696 967 819 1062 aliquid
838 969 974 1039 accedat
995 983 1098 1054 meas,

414 1074 462 1142 Pii
480 1096 611 1168 qupquc
629 1076 761 1143 erimus.
782 1076 889 1144 Unica
910 1073 1096 1168 OEdipodae
1116 1089 1167 1144 est
1185 1073 1288 1158 salus,

413 1181 488 1248 Non
510 1203 580 1248 esse
602 1177 738 1248 salvum.
760 1182 873 1249 Liceat
895 1179 1007 1251 ulcisci
1030 1187 1157 1275 patrem
1394 1223 1421 1262 μ

414 1284 531 1354 Adhuc
549 1283 700 1354 inultum.
718 1287 845 1355 Dextra
863 1286 941 1380 quid
960 1310 1065 1356 cessas
1083 1286 1169 1354 iners

412 1391 552 1485 Exigere
572 1389 706 1484 poenas?
725 1390 883 1485 quidquid
899 1405 1049 1461 exactum
1068 1405 1117 1460 est
1135 1389 1259 1477 adhuc,

363 1623 493 1674 naturales
507 1639 602 1687 musae,
615 1621 686 1675 unde
704 1623 770 1676 mihi
790 1642 871 1677 novas
914 1627 976 1677 rub.
988 1638 1014 1678 et
1026 1625 1181 1694 interpreter
1191 1624 1318 1694 pluralem
1332 1640 1419 1674 uume-

365 1700 524 1754 calnmitates
534 1701 658 1754 suscitent
666 1741 674 1767 ,
681 1703 762 1774 ipsitu
769 1715 872 1756 nature
914 1722 976 1757 rum
987 1721 1036 1774 per
1047 1703 1204 1772 singularem
1219 1701 1367 1774 explicant,
1378 1721 1421 1770 qe

363 1779 433 1852 leges
447 1778 481 1832 ad
502 1797 545 1833 me
567 1781 746 1852 torquendum
763 1783 872 1835 subver-
915 1803 1006 1856 qnoque
1019 1786 1074 1854 pius
1089 1801 1153 1834 ern:
1169 1779 1202 1834 ad
1219 1793 1301 1836 tetam
1314 1780 1419 1833 domum

365 1877 440 1913 eures
453 1877 507 1912 esee
521 1877 575 1912 nen
591 1858 720 1914 dubitem.
736 1861 871 1914 Cl'.Herc.
916 1881 1004 1923 suam,
1033 1873 1059 1914 et
1087 1860 1219 1932 precipue
1245 1859 1278 1913 ad
1300 1859 1421 1931 pietatem

366 1940 417 2013 ips.
434 1938 489 2008 37²
499 1977 507 2003 ,
517 1950 545 2010 et
554 1939 665 2010 Thyeet.
681 1943 747 2010 476.
917 1942 1061 2012 Antigonea
1073 1939 1179 2011 respicit
1186 1937 1325 2009 OEdipus:
1336 1939 1421 2004 «an

406 2018 453 2072 8⁵.
465 2019 567 2088 degeret
583 2021 609 2070 ia
621 2021 729 2086 sertam,
743 2031 795 2072 ete.
810 2021 874 2072 Am·
918 2019 1011 2085 modo,
1026 2019 1131 2091 inquit,
1147 2019 1205 2071 lieri
1225 2031 1326 2090 potest,
1347 2030 1377 2070 nt
1395 2017 1421 2069 in

366 2115 411 2150 nes
429 2097 573 2152 insontem
590 2097 716 2152 refluent-
734 2098 778 2154 stc
793 2096 873 2151 Ovid.
918 2113 971 2153 tarn
993 2095 1104 2152 nefanda
1129 2095 1209 2150 domo
1226 2109 1305 2150 tante
1321 2096 1423 2168 pietatis

366 2175 519 2242 tremidv,
527 2176 578 2230 30:
593 2175 652 2230 edd
662 2178 763 2232 iontem
775 2177 874 2230 Xanthi
918 2179 1049 2251 specimen
1063 2175 1220 2231 elucescati'.
1231 2216 1253 2230 ..
1268 2175 1314 2230 sed
1326 2175 1359 2228 ad
1370 2195 1424 2246 pen

366 2274 440 2308 veru
463 2269 579 2309 recurret
600 2275 697 2327 aqna·
727 2258 762 2310 Et
781 2255 820 2310 id.
845 2257 873 2308 in
918 2260 1013 2312 niciem
1036 2269 1140 2311 tantum
1158 2275 1244 2310 meam
1264 2255 1291 2308 id
1314 2255 1422 2308 monstri

366 2334 570 2404 Triat.1,eleg.
588 2353 658 2404 7,v.
676 2339 779 2389 r:'«ln
793 2348 875 2407 caput
919 2337 1020 2392 editum
1042 2349 1098 2390 eet:
1119 2355 1196 2400 mm,
1217 2348 1248 2387 ut
1269 2333 1372 2406 aliquid
1392 2331 1424 2384 ad

366 2426 515 2466 anteeamm
524 2415 796 2486 labenturabnquore
803 2427 875 2469 retro
919 2437 989 2472 meaa
1004 2414 1120 2470 miseriae
1135 2414 1256 2480 accedat,
1269 2414 1338 2484 leges
1348 2413 1424 2466 etiarn

302 2541 308 2548 .
368 2491 587 2556 numm-‚erc-
919 2516 978 2552 euas
993 2507 1086 2550 netura
1101 2494 1231 2558 dedisceu
1247 2491 1423 2546 refluentem·

407 2576 454 2642 87.
471 2572 574 2624 Phala
589 2574 688 2642 lempna.
704 2573 799 2644 Virgil.
813 2577 874 2626 AEn.
918 2596 965 2630 nee
976 2577 1003 2628 in
1020 2576 1135 2638 fontem,
1148 2574 1187 2630 eol
1203 2584 1307 2625 noctem
1320 2571 1423 2629 afferet,

368 2651 517 2721 111„637
538 2669 545 2706 :
572 2678 584 2700 ι
603 2652 724 2706 Plroebear
749 2652 876 2724 lampadis
920 2656 1086 2726 etllesperue
1099 2649 1424 2722 diem,et‚quodcaetera

368 2731 456 2784 instar.
474 2732 674 2802 n-Herperus.
690 2731 770 2786 Stella
789 2731 877 2786 noctis
919 2747 1047 2806 superet,
1073 2757 1139 2798 noa,
1167 2732 1304 2785 scelestum
1327 2749 1423 2800 genus,

369 2809 529 2879 praenuntia.
920 2815 958 2887 pii
972 2814 1077 2870 erimus.
1091 2843 1102 2863 a
1118 2817 1175 2868 Cur
1189 2821 1276 2863 antem
1290 2809 1424 2862 umenti-

410 2892 456 2960 89.
473 2891 515 2942 Pii
533 2909 624 2964 praeque
639 2898 732 2944 erimus,
747 2891 797 2944 llic
813 2891 876 2943 Fer·
918 2911 1001 2966 genes
1021 2895 1104 2964 pietas
1124 2903 1219 2947 sortem
1234 2887 1335 2960 OEdipi
1354 2890 1423 2959 pejo-

370 2969 463 3022 nabius
475 2987 481 3022 :
494 2969 610 3024 -0mnia
625 2983 783 3042 praepostera
793 2971 874 3032 lient3
920 2991 978 3026 rem
1003 2973 1098 3028 faeiat?
1110 2969 1250 3042 Explicant
1274 2967 1422 3037 sequentia:

369 3059 407 3108 et,
422 3047 495 3119 quod
510 3049 630 3102 omnium
646 3049 758 3102 maxime
776 3061 877 3102 naturae
920 3052 982 3123 quia
1007 3055 1074 3107 mori
1094 3073 1125 3106 ea
1144 3048 1251 3103 demum
1269 3060 1308 3100 est
1325 3045 1424 3116 OEdipi

369 3129 533 3182 eontrarium
549 3142 604 3193 eet,
623 3147 672 3200 ego
692 3130 749 3199 ipse
771 3147 878 3199 qnoque
921 3128 1320 3196 salus,etaualllililieaalutem
1328 3125 1423 3184 adimit,

318 3213 320 3217 “
371 3206 429 3275 pius
448 3226 510 3269 ero,
531 3221 561 3261 ut
575 3207 695 3261 miserior
716 3207 766 3260 eim
783 3219 810 3260 et
829 3225 878 3258 ne·
921 3209 986 3263 dnm
1000 3208 1132 3265 moriendi
1145 3209 1295 3262 facultatem
1308 3205 1423 3276 denegat.

370 3288 479 3340 sentior.
493 3313 503 3334 ι
520 3287 620 3340 Pariter
639 3287 795 3358 interpretes
815 3286 878 3338 Gal·
921 3290 1046 3344 -llaica
1057 3288 1213 3360 OEdapodm
1229 3298 1278 3338 etc.
1290 3284 1388 3337 Forsan
1396 3303 1425 3335 er

372 3364 414 3416 lici
427 3385 435 3420 ς
447 3367 548 3437 oedipo
560 3369 613 3420 lui·
623 3377 694 3418 merrae
709 3371 784 3420 serait
794 3371 878 3435 pieta-r.
923 3369 1017 3440 virgil.
1035 3374 1094 3423 AEn.
1109 3370 1151 3434 11,
1169 3367 1242 3429 354:
1260 3391 1272 3412 ι
1283 3365 1343 3416 Una
1362 3364 1425 3416 saltu

371 3445 565 3518 lleetequidem
573 3443 758 3498 animadvertit
766 3446 877 3498 Farnnb.
922 3449 1013 3505 victis.
1039 3451 1140 3503 nullam
1157 3463 1262 3518 sperare
1281 3445 1398 3497 salutern.
1412 3469 1422 3486 ·

371 3523 441 3589 hoc,
455 3529 493 3596 pii
511 3529 714 3597 qmqueerimus,
734 3537 763 3578 ut
776 3536 878 3577 nature
922 3527 964 3580 Sic
992 3546 1097 3600 quoque
1122 3529 1214 3586 Deris,
1246 3523 1347 3592 OEdspe
1373 3523 1424 3573 'elaea

373 3605 485 3657 manime
508 3605 691 3668 eontrarium,
716 3604 750 3657 ab
770 3603 878 3674 OEdipo
923 3607 1313 3670 Adaae‚act.111‚seen.2:

372 3682 484 3735 afferri:
509 3697 647 3755 postquam
674 3683 760 3750 enim,
780 3697 811 3736 lli
831 3682 878 3736 fati
924 3699 958 3742 ΙΙ
972 3699 1286 3754 viaeatunauppliee.etpenr
1300 3697 1426 3736 meme-erit

373 3761 414 3813 sui
439 3765 603 3816 tenacitatem
623 3764 795 3834 exprimeret,
812 3763 880 3814 rela·
924 3769 941 3810 ll
953 3785 977 3810 a·
987 3783 1017 3809 me
1027 3779 1077 3812 nare
1088 3769 1132 3823 plu·
1145 3781 1183 3821 qu·
1194 3765 1304 3820 l'errir‘le
1315 3779 1394 3804 mna.

373 3857 484 3910 putres,
506 3843 684 3913 depuerit,
708 3841 879 3908 fluvios,etc.
965 3861 1010 3911 9²·
1033 3840 1159 3914 Quidqrtid
1175 3851 1284 3891 emtam
1305 3849 1357 3898 est,
1381 3848 1426 3887 etc.

374 3917 445 3972 unde
460 3938 506 3972 rua
527 3921 577 3974 albi
592 3935 737 3975 crescerent
752 3921 882 3985 malmi-
926 3922 1015 3986 Quum
1044 3939 1086 3974 rue
1119 3918 1265 3980 excecari,
1290 3915 1426 3968 edmerum

375 3998 505 4061 firmavit,
533 3998 608 4052 addit
631 3999 704 4072 quod
736 4002 881 4053 maximum
925 4019 984 4054 cum
1002 4012 1086 4052 matre
1103 3999 1231 4051 incestum
1250 3991 1427 4048 tantummodo

376 4091 522 4167 monptrum
544 4079 635 4132 haberi
658 4077 766 4145 debeat,
787 4099 881 4150 nempe
926 4079 1045 4148 expiavi:
1062 4089 1140 4132 restat
1152 4090 1181 4129 ut
1196 4077 1275 4129 vitam
1288 4075 1427 4145 exspirem,

377 4176 418 4208 rior
428 4176 518 4228 quique
524 4162 563 4228 pii
572 4163 665 4212 erimus.
677 4157 728 4211 Sed
740 4160 807 4212 mele
818 4159 881 4212 Far·
927 4157 1061 4229 parricidii
1087 4157 1231 4229 piaculum.
1251 4155 1328 4209 Coni.
1342 4149 1426 4205 Nostri
