3070 5158
388 480 458 568 tee
515 485 563 554 ut
588 485 861 553 ruonrussls
884 443 1333 556 nutulnvuusmum.

388 616 516 679 divisere,
525 632 579 665 non
592 611 829 678 admirstAEteoclir
838 631 965 685 persona,
974 631 1032 684 qun
1041 624 1112 666 certe
1120 613 1148 666 iu
1158 613 1236 669 MSS.
1247 634 1306 668 non
1314 616 1447 686 reperitur.

388 695 472 748 Multa
489 708 575 747 tamen
590 693 618 744 in
632 693 673 746 his
686 693 785 745 ultimis
797 693 916 746 versibus
927 706 1088 754 occurrunt,
1106 711 1164 764 quie
1175 707 1291 748 matrem
1300 695 1447 767 neutiann

387 775 512 834 deceant,
524 786 551 826 et
564 775 720 844 conjecture
731 771 835 837 Grotii,
848 785 877 825 ιιι
890 773 1045 838 verissime,
1064 773 1198 827 ementior.
1220 774 1310 826 Miror
1325 787 1413 828 antem
1426 791 1448 830 et

388 853 555 908 Gronovium
574 843 714 923 (quamvis
731 853 819 906 Grotii
839 850 1028 922 dipositionem
1045 850 1122 905 valde
1140 851 1317 922 probaverit)
1332 867 1361 906 et
1373 855 1447 908 liade·

386 934 462 986 nium
481 945 568 986 vetere
585 949 757 1001 personarum
774 930 868 984 ordine
885 949 901 984 a
923 932 1118 1002 Ruphelengio,
1133 932 1281 1000 Delrione,
1301 933 1448 988 Gruteroet

390 1013 540 1084 scaligero,
558 1011 655 1063 frustra
671 1011 845 1076 concinnato,
862 1029 923 1062 usos
936 1011 1016 1064 luisse
1031 1011 1059 1062 in
1072 1011 1126 1063 suis
1138 1011 1314 1066 editionibus.

427 1095 491 1144 656.
508 1091 582 1159 Regis
596 1091 639 1142 loc
655 1095 737 1160 magni
753 1109 814 1141 reor.
834 1090 958 1162 Plerique
975 1089 1060 1143 MMS.
1077 1090 1171 1142 Perire.
1192 1103 1225 1143 ut
1240 1111 1335 1144 omnes
1349 1093 1447 1146 Gmtet

385 1184 482 1242 preter
494 1189 594 1236 uuum,
604 1182 631 1222 et
641 1183 704 1222 vett.
718 1188 810 1224 omues
818 1168 893 1224 editt.
906 1174 968 1239 regis
978 1182 1003 1222 et
1012 1173 1094 1240 magui
1101 1189 1163 1222 reor.
1174 1169 1268 1222 Delrio
1277 1171 1307 1222 in
1316 1172 1448 1226 Eibioesse

386 1255 449 1320 regis
459 1261 495 1302 est
505 1253 588 1319 magni
596 1269 650 1301 reor
658 1249 797 1311 mouebat,
811 1248 885 1320 quod
897 1250 978 1319 recipi
988 1250 1112 1321 potuerit.
1123 1249 1292 1321 llrplteleug.
1301 1249 1449 1305 emendabat

384 1334 448 1398 regis
461 1341 488 1380 at
499 1333 582 1398 magni
590 1349 651 1381 reor.
666 1328 761 1381 Melius
779 1329 886 1382 Gruter.
905 1328 933 1380 in
945 1347 999 1381 uno
1012 1328 1067 1381 MS.
1082 1332 1145 1398 regis
1156 1329 1202 1380 Ιιοε
1213 1334 1300 1398 magni
1310 1349 1373 1396 reor,
1386 1332 1448 1401 qnod

385 1409 531 1462 Florentini
543 1409 696 1462 auctoritate
708 1407 893 1460 confirmatum
905 1419 1066 1480 receperunt
1079 1409 1252 1484 recentiores.
1266 1410 1351 1462 Poris.
1374 1410 1450 1476 8055,

386 1493 448 1559 regis
463 1491 577 1557 armagis
593 1507 665 1554 ποις
683 1487 773 1550 8034,
789 1491 910 1556 regirare
922 1491 1021 1558 magni3
1035 1489 1124 1550 8028,
1140 1491 1205 1556 regis
1215 1507 1246 1538 en
1259 1493 1354 1558 magni.

428 1567 494 1637 657.
506 1567 571 1636 Ipsa.
588 1593 599 1614 ι
611 1567 652 1620 Itu
662 1567 764 1638 optime
775 1566 957 1632 Florentium,
968 1567 1056 1638 inquit
1072 1565 1214 1629 Bedenius,
1237 1585 1295 1618 non
1310 1571 1372 1632 ista,
1384 1568 1450 1640 quod

385 1647 466 1718 vulgo
480 1646 674 1699 circumfertur.
690 1645 757 1698 Odia
771 1649 838 1716 ipsa,
854 1645 951 1715 quibus
968 1646 1100 1714 obsistere¹
1109 1643 1304 1698 difficillimum
1319 1660 1366 1700 eet.
1382 1673 1394 1694 ι

426 1725 492 1793 659,
504 1727 608 1794 Regnat.
622 1725 664 1778 Sic
677 1743 760 1797 prope
774 1724 890 1778 universi
900 1725 994 1777 Parios.
1004 1723 1083 1778 libri:
1094 1743 1175 1794 quam
1186 1725 1332 1778 lectionem
1342 1727 1450 1792 restinxi,

387 1819 416 1858 ut
427 1824 486 1876 qun
496 1806 683 1857 sententiarum
697 1805 892 1858 connexionem
904 1802 1019 1876 adjuvet.
1030 1803 1150 1857 Gronov.
1162 1804 1244 1856 Both.
1256 1803 1357 1858 Baden.
1367 1820 1451 1876 reptet.

426 1889 491 1954 660.
506 1885 596 1936 Invia.
611 1883 709 1937 Philol.
723 1883 827 1954 Gryph.
842 1881 875 1936 ad
890 1900 972 1954 marg.
988 1895 1015 1936 et
1029 1883 1166 1936 Pontenus
1181 1883 1211 1935 in
1226 1896 1284 1936 not.
1304 1889 1393 1957 inique.
1410 1887 1451 1938 Sic

387 1975 413 2016 et
427 1964 509 2016 Paris.
531 1963 616 2016 8263.
632 1996 672 2010 -
689 1963 767 2016 Hunc
791 1981 895 2015 versum
916 1963 962 2016 alii
977 1963 1089 2015 locastae
1113 1957 1214 2022 (Fero.
1235 1965 1344 2018 Arcens.
1363 1969 1451 2018 Arent.

387 2043 492 2114 Gryph.
506 2043 578 2095 Petr.
595 2043 698 2096 Fabric.
714 2041 799 2114 naph.
816 2043 946 2096 Commel.
961 2041 1039 2096 Grut.
1058 2041 1151 2095 Heius.
1167 2039 1270 2094 Baden.
1280 2039 1291 2106 )
1302 2083 1311 2109 ,
1323 2044 1367 2096 elii
1378 2045 1451 2115 Poly·

386 2121 439 2173 uici
454 2123 585 2175 tribuunt.
605 2120 676 2174 Vide
693 2134 749 2174 not.
769 2134 853 2176 nostr.
873 2119 908 2174 ud
923 2140 992 2174 verr.
1014 2121 1085 2186 652,
1110 2119 1157 2174 uti
1178 2119 1215 2173 de
1233 2134 1291 2175 ιοιιι
1309 2123 1386 2194 hujus
1405 2125 1451 2176 loti

388 2198 556 2254 distinctione
572 2201 633 2254 sutis
646 2200 748 2255 dictum
764 2215 811 2254 est.

780 2394 1065 2424 *—

438 2568 643 2660 Sequuntur,
663 2567 785 2660 quibus
807 2567 1054 2637 Phoenissasvel
1070 2567 1280 2638 Thebaidem
1295 2569 1452 2664 supplevit

391 2676 554 2744 Henricus
572 2674 748 2746 Chisellius
764 2675 1036 2772 Antuerpiensis‚
1051 2680 1185 2748 Senecae
1206 2680 1381 2775 tragoediis
1396 2682 1453 2774 pri·
1515 2763 1516 2768 γ

388 2811 498 2872 mum,
513 2787 575 2854 nisi
584 2785 691 2872 lailot,
707 2786 847 2856 adtexta.
859 2785 968 2856 Multa
982 2788 1016 2855 in
1030 2787 1082 2855 his
1096 2785 1233 2857 elucent
1245 2803 1319 2858 tum
1328 2791 1454 2884 ingenio

387 2895 503 2964 Nostri
522 2893 642 2988 digna,
664 2909 736 2962 turn
753 2894 796 2963 ad
815 2896 886 2990 ejus
903 2895 1034 2965 dicendi
1054 2897 1197 2966 formam
1220 2899 1309 2968 mire
1329 2925 1456 2992 compo-

390 3008 463 3076 sita.
487 3005 607 3076 Melius
632 3022 743 3076 tamen
761 3007 802 3077 de
823 3007 934 3078 latinis
959 3009 1078 3078 litteris
1099 3012 1243 3081 meritus
1271 3029 1363 3083 esset
1387 3015 1457 3086 Chi·
1515 3055 1516 3078 ι

389 3115 517 3204 sollius,
534 3117 560 3184 si
584 3143 653 3185 non
675 3118 795 3186 choros
818 3118 948 3188 'tantum
967 3134 1000 3187 et
1025 3121 1182 3214 quintum
1206 3137 1324 3192 actum
1349 3125 1456 3193 confe-

388 3227 504 3314 cisset,
525 3225 581 3296 sed
600 3225 700 3296 finem
720 3227 854 3298 secundi
873 3242 965 3298 actus
985 3244 1019 3296 et
1039 3234 1151 3324 quarti
1170 3232 1271 3307 initia
1288 3235 1457 3304 restituere
1515 3251 1516 3256 ’

387 3337 599 3422 tentavisset,
629 3335 740 3431 qualia
757 3363 778 3406 a
798 3341 923 3408 Seneca
944 3339 1067 3431 scripta
1090 3339 1197 3408 videri
1222 3343 1350 3435 possit,
1376 3343 1456 3412 solu·

385 3460 500 3544 tesque
520 3447 629 3540 operis
649 3461 759 3542 partes
777 3462 855 3542 apta
877 3445 1132 3543 interpolatione
1152 3451 1378 3548 conjungere.

695 3721 1139 3754 ὠ.-
