3172 5138
433 492 970 564 ANIMADVERSIONES.
1156 492 1227 589 357

208 621 275 692 695.
291 621 413 674 Attendit.
436 621 517 674 Paris.
539 625 631 686 8263,
647 621 747 684 accedit,
766 619 900 691 languide.
921 621 988 674 'fres
1001 623 1045 674 alii
1059 623 1153 676 Parias.
1167 641 1230 677 curu

165 699 242 754 editt.
258 700 354 754 Philol.
372 701 479 753 Ascens.
497 702 595 755 Avant.
614 701 695 758 Viun.
713 700 815 753 Fabric.
834 700 943 770 liepbel.
963 700 1092 754 Commel.
1115 704 1231 759 accendit.

166 779 273 850 Lipsius
286 779 390 832 attendit
403 797 435 832 ex
448 777 540 834 codice
554 801 602 836 ruo
611 779 743 845 laudarit,
764 797 880 832 necnon
896 779 1054 832 Commelin.
1072 799 1104 832 ex
1119 799 1232 836 suorum

166 858 247 911 MSS.
269 871 295 912 et
316 859 468 930 interpretis
484 861 579 914 veteris
598 876 740 914 consensu:
768 858 850 928 ipsam
867 859 936 912 banc
956 857 1099 912 lectionem
1116 860 1188 915 Delr.
1202 863 1231 914 in

167 937 290 1008 Mogunt.
303 938 406 1010 invenit
418 951 444 991 et
454 939 615 1010 aptissimam
627 940 665 994 sic
680 938 802 1009 probavit
816 936 947 1009 Scaliger:
967 964 979 985 ι
987 939 1019 990 In
1031 937 1112 992 sacris
1124 937 1229 994 dicelta·

58 1081 59 1088 7
168 1029 226 1081 tur,
242 1017 285 1068 luc
295 1036 349 1086 age,
364 1015 452 1083 idest,
465 1019 568 1071 attende.
584 1021 645 1091 lpse
657 1035 779 1090 precone
791 1030 837 1073 aut
843 1018 978 1070 monitore
989 1034 1057 1088 opus
1068 1035 1122 1070 non
1134 1018 1228 1072 habet:

167 1096 278 1168 ipsemet
291 1097 336 1148 hue
346 1099 407 1166 ugit.
417 1122 428 1143 ι
444 1099 516 1150 'Ante
528 1097 661 1169 Lipsium,
673 1099 725 1167 jam
740 1097 818 1149 Fern·
832 1094 931 1168 leuard.
946 1095 1051 1168 Gryph.
1067 1109 1094 1149 et
1106 1097 1176 1152 Petu.
1192 1113 1231 1149 ut·

168 1175 424 1245 tenditreceperen13
438 1175 474 1228 ite
487 1194 593 1248 quoque
608 1177 636 1232 in
653 1175 749 1232 uostris
762 1175 848 1246 6377,
865 1173 940 1230 8ο3ο
956 1187 983 1227 et
996 1175 1079 1229 8031.

165 1270 170 1276 ·
209 1273 284 1323 701:
294 1254 384 1325 Capiti.
404 1254 474 1307 Petr.
488 1253 521 1308 ad
534 1275 615 1326 marg.
628 1269 655 1310 et
665 1255 746 1308 Paris.
762 1257 846 1320 8026,
859 1257 952 1324 capitis.
1297 1317 1302 1332 .

209 1339 273 1402 yut.
297 1333 367 1385 Uitru
380 1334 436 1386 deus
457 1335 528 1387 Petr.
546 1337 611 1388 uitru
624 1335 688 1387 deas.
710 1331 904 1386 Animadvertit
922 1331 1028 1403 pridem
1043 1335 1112 1386 Delr.
1128 1353 1183 1388 esse
1202 1337 1229 1388 in

168 1411 309 1465 Basileensi
323 1412 394 1476 deus,
414 1411 487 1486 quod
500 1413 534 1466 de
549 1412 689 1468 Eumenid.
706 1411 907 1484 intelligendum
920 1413 1050 1465 censebat.

210 1495 275 1560 706.
292 1491 404 1544 Assiluit.
423 1491 515 1546 Monet
528 1493 656 1550 Commel.
671 1492 698 1544 in
711 1493 767 1545 aliis
779 1492 829 1562 legi
842 1495 939 1543 assistit.

210 1588 273 1640 709·
287 1572 392 1624 Pronus.
406 1569 538 1625 Undecim
551 1573 644 1628 Pariss.
653 1576 766 1642 primum,
778 1584 807 1624 ut
818 1571 881 1624 libb.
893 1571 965 1623 Delr.
982 1583 1008 1624 et
1018 1571 1140 1624 nonnulli
1153 1572 1232 1626 Com·
1266 1599 1268 1604 v

166 1647 278 1701 melini:
298 1648 344 1703 scd
360 1662 464 1722 prestat
478 1651 605 1722 elegantia
616 1655 723 1721 primus,
743 1649 815 1722 quod
830 1651 857 1702 in
870 1648 950 1704 codd.
965 1650 1038 1704 80⁵5
1056 1661 1084 1702 et
1099 1653 1171 1705 8261
1188 1653 1229 1704 in·

167 1727 261 1792 renio,
280 1741 306 1783 et
322 1747 336 1780 e
350 1729 428 1782 Fern.
445 1729 545 1784 Isomd.
562 1731 665 1804 Gryph.
681 1731 753 1782 Petr.
768 1729 868 1782 Fabric.
884 1729 995 1800 llapbel.
1009 1730 1137 1794 Commel.
1155 1731 1227 1784 Dclr.

166 1806 277 1861 Gruter.
289 1808 380 1862 Heius.
392 1807 472 1862 Scriv.
486 1811 565 1862 Farn.
577 1810 660 1881 Thya.
671 1810 788 1863 Gronov.
799 1821 825 1861 et
834 1808 1025 1862 recentioribus
1036 1822 1172 1880 receptum
1181 1822 1228 1864 est.

209 1905 272 1955 71².
289 1889 373 1940 Dirru.
390 1887 460 1941 Petu.
475 1901 501 1942 et
513 1887 572 1942 cod.
589 1890 679 1959 8037,
692 1890 773 1940 durus.

209 1965 275 2034 713.
287 1966 379 2018 Muctet
387 1967 439 2019 ribi.
451 1967 613 2021 Pernidicule
626 1969 684 2022 Nic.
696 1968 787 2021 Heius.
796 1967 967 2038 mactetStygi.
976 1965 1048 2030 Quid
1063 1967 1133 2022 enirn
1144 1981 1229 2021 mutes

167 2043 243 2114 quod
254 2058 280 2098 ct
289 2065 368 2100 sensu
381 2060 408 2100 et
418 2047 505 2100 verbis
514 2060 540 2100 et
550 2048 681 2102 librorum
693 2047 887 2117 conspiratione
900 2045 1032 2115 optimum
1045 2042 1169 2098 ridetur?

208 2125 275 2193 715.
295 2126 319 2177 Τ
317 2137 398 2178 autum
410 2126 493 2178 scelus.
510 2127 628 2180 Gronov.
642 2145 673 2178 cx
683 2127 798 2179 Florent.
810 2125 945 2178 substituit
957 2145 1043 2178 susum
1056 2126 1139 2188 scelus,
1154 2123 1229 2196 quod

165 2201 285 2257 Schroed.
300 2205 404 2277 silentio
420 2219 446 2258 ct
459 2205 566 2277 Bipont.
580 2206 658 2259 Both.
673 2218 700 2259 et
712 2203 809 2260 Baden.
823 2204 969 2260 imitatione
981 2202 1164 2257 laudaverunt.
1182 2207 1229 2257 bt·

166 2294 255 2336 tamen
270 2283 299 2336 in
315 2284 439 2337 omnibus
454 2284 531 2338 MSS.
545 2297 571 2340 et
586 2285 716 2338 universis
731 2298 791 2338 ante
809 2282 927 2337 Gronov.
945 2279 1019 2338 editt.
1038 2295 1128 2334 tanturn
1141 2285 1227 2349 salus,

166 2360 244 2436 quud¹
253 2381 302 2415 cur
316 2375 432 2417 mutetur
444 2381 498 2416 non
513 2363 601 2418 video.
614 2363 701 2417 estora
712 2363 826 2434 ‘gaudent
840 2363 939 2433 impetu
949 2401 957 2426 ‚
968 2362 1056 2433 inquit
1066 2361 1228 2427 Gronovius,

166 2439 241 2494 unde
252 2455 279 2495 et
289 2445 380 2494 servitiu
392 2442 526 2496 interdum
536 2462 586 2514 pro
600 2445 700 2516 impetu
712 2445 833 2513 ponitur,
843 2455 869 2494 et
877 2444 959 2494 soesire
968 2454 1005 2495 ert
1017 2441 1118 2494 furioso
1127 2442 1228 2514 impetu

166 2521 311 2592 egerente
323 2520 459 2588 deliberat,
470 2525 589 2593 quamvis
600 2523 669 2576 nibil
679 2521 791 2586 intersit,
800 2522 873 2575 hunc
884 2521 958 2592 prius
970 2519 1079 2573 invadat
1088 2540 1120 2573 an
1132 2521 1227 2586 aliam,

165 2612 268 2671 partem
282 2600 425 2673 voluptatis
439 2602 467 2653 in
482 2600 638 2656 crudelitate
651 2615 742 2672 putat,
764 2600 836 2672 quod
854 2601 912 2654 licet
926 2617 983 2652 enm
995 2619 1045 2670 per
1057 2590 1229 2656 commodum

166 2691 193 2732 ct
202 2677 331 2751 disposite
339 2681 454 2753 exsequi.
465 2706 475 2726 ι
493 2677 545 2733 Sed
557 2701 644 2751 mugra
656 2682 744 2733 sceiere
753 2700 809 2733 nou
821 2679 910 2733 minus
921 2697 1000 2751 quem
1012 2698 1075 2732 soeuu
1085 2680 1172 2730 scelera
1182 2681 1231 2732 im·

166 2771 231 2828 peta
246 2756 377 2830 gaudent,
391 2771 418 2812 et
430 2760 457 2812 in
473 2760 522 2812 bac
538 2761 674 2831 utriusque
687 2759 759 2813 verbi
772 2756 959 2812 commoditate
974 2755 1007 2809 nd
1021 2756 1229 2812 MSS..anct0ri-

166 2849 248 2891 tatem
256 2837 461 2911 respiciendum,
471 2857 529 2910 que
539 2839 646 2893 lectioni
657 2851 752 2892 nostre
763 2839 840 2898 lavet,
855 2836 906 2889 nisi
917 2836 1100 2888 Florentinum
1109 2835 1230 2890 codicem

167 2917 300 2971 universis
313 2917 369 2971 aliis
384 2931 535 2989 antepones.

207 3014 273 3067 7¹7·
295 2999 391 3050 Primus
403 2999 475 3050 loeus.
498 2997 641 3060 Nonnulli,
656 3013 711 3049 non
728 2997 815 3048 miuus
832 3012 922 3048 sensus
940 3012 1019 3066 quam
1038 2995 1115 3046 metri
1131 2995 1227 3047 violata

164 3075 330 3147 integritate,
340 3080 432 3148 primus
438 3081 540 3146 pietati:
556 3075 593 3130 sic
605 3078 698 3128 Avant.
712 3087 738 3127 et
753 3075 832 3128 Vian.
1209 3063 1212 3074 ⁵

207 3173 272 3225 7²7·
294 3155 365 3208 Colla
374 3175 487 3226 percussu
500 3167 615 3226 amputat.
639 3155 696 3208 Nic.
715 3153 805 3206 Heius.
819 3153 927 3223 conjicit
940 3153 1003 3204 colia
1017 3171 1128 3222 percusso
1141 3171 1225 3223 ampu-

165 3245 219 3297 tat,
239 3233 311 3306 quod
321 3235 419 3306 probat
430 3235 509 3308 Both.
532 3235 588 3288 Nos
599 3247 686 3288 antem
701 3231 818 3286 Budenio
833 3233 1000 3298 assentimur,
1017 3231 1062 3302 qui
1080 3230 1152 3284 hunc
1159 3233 1228 3302 pleo-

164 3332 283 3379 nasmum,
300 3315 363 3367 colia
380 3335 502 3384 percussa,
519 3312 626 3379 laudnt,
645 3314 773 3384 jubetque
789 3311 890 3366 consuli
904 3309 1072 3364 Perizonium
1090 3307 1124 3363 ad
1137 3309 1226 3364 Sanct-

164 3391 279 3468 Minerr.
296 3409 355 3465 pag.
374 3393 437 3446 302.
1029 3385 1038 3397 “

208 3472 274 3542 73¹·
290 3474 407 3527 Puerone.
425 3475 457 3526 In
468 3485 531 3526 octo
541 3473 635 3527 Parius.
651 3483 676 3524 et
692 3472 720 3523 in
732 3470 826 3523 Philol.
836 3474 953 3540 puerisue.
977 3501 1004 3511 -
1029 3470 1128 3539 Ingerit.
1142 3470 1226 3522 Paris.

167 3548 257 3620 6395,
273 3552 353 3604 adicit.
370 3553 427 3606 Nic.
441 3552 532 3605 Heius.
547 3550 659 3605 malebat
669 3553 773 3620 oggerit,
788 3551 862 3619 cujus
874 3548 1009 3618 opinionis
1022 3565 1110 3600 musas
1121 3549 1226 3614 sileret,

165 3629 213 3700 qui
223 3630 308 3685 intelli
326 3643 359 3684 et.

208 3707 273 3781 739.
292 3650 325 3764 lsi
333 3730 398 3782 quem
411 3721 494 3762 rueret.
511 3710 554 3763 sic
568 3709 646 3763 MSS.
659 3721 686 3762 ot
696 3708 787 3761 multte
798 3705 858 3760 edd.
872 3707 904 3759 In
916 3707 1010 3758 Arent.
1025 3706 1104 3759 Vian.
1119 3705 1222 3778 Gryph.

165 3789 237 3842 Petr.
253 3788 355 3843 Fabric.
371 3790 498 3843 Commel.
508 3791 609 3857 fureret.
623 3819 663 3831 -
683 3788 773 3855 Infesta
790 3807 869 3839 manu.
887 3784 1037 3854 Lessiugius
1050 3784 1077 3838 in
1089 3785 1222 3840 Tbcatral.

165 3868 293 3923 biblioth.
301 3869 353 3921 rol.
366 3869 410 3935 11,
423 3887 481 3940 pag.
496 3871 542 3938 87,
555 3865 766 3922 substituendum
773 3866 964 3937 putetinsestam
974 3882 1143 3932 monumen
1153 3867 1224 3920 enirn

166 3949 274 4002 tolerari
289 3967 365 4020 posse
378 3952 472 4018 eaer'gere
484 3967 576 4019 corpus.
602 3948 662 4000 Non
682 3945 750 4000 vidit
768 3945 809 3998 vir
828 3944 979 4016 ingeniosus
995 3944 1149 4016 neutiquam
1162 3948 1223 4015 jun·

164 4026 251 4098 genda
267 4028 393 4082 vocabula
408 4031 501 4098 erigere
514 4041 540 4080 et
553 4047 650 4098 corpus,
668 4039 693 4080 at
708 4024 843 4080 subaudiri
851 4015 961 4091 ferrum,
974 4023 1026 4076 hoc
1036 4022 1131 4077 modo:
1151 4025 1222 4074 «Ex-
1259 4081 1261 4086 ,

165 4107 219 4176 egit
233 4108 334 4161 ferrum
346 4108 414 4160 ultra
428 4126 523 4178 corpus
536 4107 630 4160 infesta
643 4125 743 4160 manu·
765 4105 825 4169 Qua
836 4103 968 4156 locutione
978 4103 1046 4156 nibil
1058 4103 1184 4156 usitatius.

136 4237 139 4244 .
208 4193 275 4256 741.
293 4187 323 4240 In
336 4199 405 4256 tergo
420 4190 519 4240 exstitit.
540 4187 624 4256 Lipaii
636 4187 704 4239 liber
723 4197 749 4238 et
765 4183 827 4237 edit.
842 4183 931 4236 lleins.
949 4185 1020 4234 stetit.
1040 4183 1132 4234 Avant.
1146 4181 1225 4232 Viuo.

977 4275 1042 4357 ¹13³
