3090 5142
473 499 780 574 DISSERTATIO.
1110 506 1158 576 lix

89 625 246 706 matus,
265 624 323 690 cui
343 643 417 688 sese
441 621 619 712 adjungere
643 641 676 689 et
697 625 857 714 applicare
874 643 984 714 posset
1001 627 1162 694 exoticam
1232 637 1236 644 '

92 727 259 820 spectaculi
276 749 405 819 genus,
422 751 529 794 unum
545 731 681 795 omnino
697 730 802 818 poetis
818 747 1000 819 supererat,
1016 745 1054 796 ut
1066 755 1165 800 sensu

93 854 214 902 unnim
241 835 410 900 universis
436 836 604 900 communi
631 852 664 902 et
690 857 799 902 rerum
827 835 1018 928 intelligenti
1044 837 1166 919 jndicio

94 959 268 1007 uterentur.
298 939 405 1024 Quod
434 939 585 1028 quidem,
615 957 654 1006 ut
680 941 768 1030 apud
792 943 1005 1025 recentiores,
1033 944 1165 1011 abunde

93 1048 258 1129 mosset,
279 1047 347 1110 nisi
364 1067 497 1112 necesse
513 1069 573 1136 pro
590 1049 765 1114 constituta
781 1050 880 1114 semel
896 1047 1080 1137 reipublicae
1096 1051 1165 1115 ior·

97 1175 145 1216 ma
165 1151 301 1234 fuisset,
330 1167 371 1216 ut
393 1152 564 1217 theatrales
593 1151 662 1218 ludi
686 1154 805 1218 civium
835 1153 952 1218 animis
978 1173 1047 1219 non
1077 1153 1165 1220 aliud

97 1279 189 1346 quam
200 1257 458 1322 oblectationem
466 1257 629 1324 afferrent.
638 1259 774 1323 Constat
785 1259 872 1324 enim
886 1260 1065 1348 pauciores,
1077 1259 1166 1350 apud

97 1365 270 1444 Romanos,
279 1359 460 1427 excolendo
473 1363 605 1453 ingenio
616 1361 693 1428 dare
704 1385 835 1452 operam
849 1365 1009 1452 potuisse;
1023 1387 1164 1453 quomm

98 1469 226 1558 quidem
238 1489 358 1534 rocem
373 1469 419 1532 ita
434 1469 468 1532 in
485 1469 524 1534 iis
543 1481 616 1557 quta
630 1468 671 1534 ad
689 1469 903 1534 excolendum
919 1471 1086 1560 ingenium
1099 1495 1168 1561 per·

100 1575 201 1640 duent
216 1575 383 1664 oppressit
397 1574 494 1638 turba
509 1574 734 1656 numerosior,
762 1589 916 1662 tanquam
932 1574 974 1638 de
990 1575 1118 1664 publica
1134 1593 1167 1641 et

99 1679 136 1744 ad
155 1680 334 1744 maximam
349 1681 462 1743 Romae
479 1677 650 1744 utilitatem
670 1693 836 1767 spectante
859 1681 1076 1746 connoversia
1091 1699 1166 1772 age·

100 1785 258 1872 retur(1).
276 1784 438 1850 Maturius
454 1805 588 1872 quoquc
605 1785 735 1872 cognita
757 1784 880 1874 populo
902 1787 1082 1874 spectacula
1100 1789 1168 1853 fue·

101 1907 184 1973 rant,
211 1913 287 1979 quae
314 1889 403 1978 apud
435 1891 603 1954 universas
639 1905 750 1979 gentes
784 1889 961 1954 multitudo
988 1890 1169 1958 dramaticb

103 1997 214 2062 utatis
228 1995 424 2084 anteponit,
434 1993 634 2084 gladiatorias
649 2015 790 2083 pugnas,
807 1994 1039 2086 bestiariosque
1054 1996 1167 2084 ludos,

105 2101 305 2168 etaolemnia
321 2121 533 2189 pomparum,
549 2097 733 2182 etbujusce
750 2101 876 2190 generis
892 2101 963 2167 alia.
1158 2130 1165 2146 ·

143 2207 206 2270 Ubi
237 2227 321 2268 rero
354 2205 575 2293 magistratus,
603 2204 660 2292 qui
691 2204 875 2293 spectacula
900 2203 1029 2293 publica
1059 2210 1170 2274 Romae

107 2311 224 2376 edenda
233 2307 648 2398 suscipiebant,tragoedias
658 2307 896 2397 comoediasque
907 2309 948 2374 ad
957 2310 1170 2379 imitationem

107 2418 292 2482 Graecorum
314 2417 549 2495 conformatas,
568 2413 703 2477 nonnisi
729 2411 959 2479 deficientibus·
975 2417 1054 2481 alius
1080 2419 1169 2485 modi

106 2523 199 2608 lodis,
212 2521 414 2610 frequentari
427 2518 741 2601 animadverterunt,
757 2539 809 2584 eas
825 2537 993 2608 coeperunt
1006 2542 1169 2608 amovere,

106 2645 139 2694 nt
154 2629 432 2692 substituerentur
446 2647 518 2712 que
530 2623 654 2713 populo
669 2623 865 2712 placuerant.
884 2627 953 2690 Jam
966 2629 1168 2717 temporibus

104 2735 172 2798 Iulii
181 2732 318 2798 Caesaris
329 2730 465 2795 Romani
478 2731 584 2794 mimis
596 2730 847 2814 delectabantur,
859 2732 1014 2820 quodque
1024 2735 1168 2802 studium

105 2841 204 2928 primo
219 2837 347 2918 fuerat,
362 2835 397 2898 in
414 2835 602 2900 effrenatam
616 2834 784 2900 libidinem
799 2837 1009 2925 regnantibus
1029 2839 1168 2930 impera·

105 2944 226 3008 toribus
234 2940 401 3007 efferbuit.
419 2940 554 3004 Nullum
568 2941 666 3029 igitur
680 2941 783 3029 poetis
795 2939 1058 3027 incitamentum
1073 2963 1170 3035 atque

107 3050 266 3114 theatrmn
285 3046 399 3111 haberi
416 3043 511 3134 po'sse
530 3068 719 3140 mansurum
747 3062 780 3111 et
803 3045 932 3130 stabile,
950 3048 1003 3113 cui
1025 3051 1170 3116 faverent

107 3155 262 3243 politioris
275 3151 410 3242 ingenii,
421 3166 478 3215 aut
491 3151 547 3239 qui
565 3153 642 3216 tales
656 3152 757 3218 rideri
775 3151 960 3235 studebant,
971 3155 1121 3239 Romani,
1130 3179 1171 3220 ne

107 3260 138 3322 in
160 3258 393 3350 cogitationem
409 3255 542 3344 quidem
565 3257 609 3320 eis
633 3255 815 3338 incidebat,
838 3256 987 3322 obstante
1005 3275 1037 3322 et
1060 3261 1171 3348 prohi-

107 3365 200 3429 bente
224 3379 295 3428 tota
312 3359 449 3450 publicae
472 3359 757 3425 administrationis
775 3361 911 3427 ratione.
930 3363 1044 3450 Itaque
1065 3389 1169 3430 unum

106 3471 357 3560 imsupererat,
366 3489 484 3555 nempe
496 3483 534 3531 ut
546 3464 713 3556 tragoedias
730 3465 925 3548 scriberent,
942 3491 1014 3556 qua
1024 3470 1168 3561 legem.

136 3679 175 3742 (ι)
242 3673 319 3746 Sape
327 3671 407 3727 etiam
417 3670 543 3726 audacem
552 3672 628 3744 fugat
638 3670 691 3726 boc
700 3684 834 3745 terretque
841 3677 947 3744 poetam
957 3712 965 3740 ,

242 3761 325 3827 Quod
334 3777 450 3814 numero
458 3759 563 3832 plures,
574 3759 672 3814 virtute
685 3773 712 3814 et
721 3760 824 3814 bonore
838 3761 964 3825 minores,

243 3847 350 3904 ludocti
364 3847 520 3919 stolidique,
533 3861 559 3901 et
569 3847 720 3923 depugnare
728 3847 814 3922 parati

241 3932 418 3990 Sidisoordet
428 3951 526 4008 eques,
541 3932 627 3990 neu·
642 3937 710 4012 inter
723 3935 839 3990 carmina
853 3945 967 4008 porcum
1037 3951 1039 3958 ’

242 4027 297 4078 Aut
305 4039 414 4089 mmm,
422 4033 467 4077 aut
476 4021 591 4098 pugiles:
600 4023 643 4079 his
654 4043 717 4080 narn
725 4021 862 4098 plebecula
874 4023 979 4096 gaudet.

706 4111 808 4180 (Horat.
819 4111 868 4186 Ep.
878 4113 922 4174 11,
934 4131 957 4178 ι,
974 4115 1049 4270 rupis)

1037 4213 1050 4245 ι
