<?xml version="1.0" encoding="UTF-8"?>
<!DOCTYPE html PUBLIC "-//W3C//DTD XHTML 1.0 Transitional//EN"
    "http://www.w3.org/TR/xhtml1/DTD/xhtml1-transitional.dtd">
<html xmlns="http://www.w3.org/1999/xhtml" xml:lang="en" lang="en">
 <head>
  <title>
</title>
<meta http-equiv="Content-Type" content="text/html;charset=utf-8" />
  <meta name='ocr-system' content='tesseract 3.04.00' />
  <meta name='ocr-capabilities' content='ocr_page ocr_carea ocr_par ocr_line ocrx_word'/>
</head>
<body>
  <div class='ocr_page' id='page_1' title='image "./lannsenecparste02piergoog_0083.png"; bbox 0 0 3090 5142; ppageno 0'>
   <div class='ocr_carea' id='block_1_1' title="bbox 380 553 1454 787">
    <p class='ocr_par' dir='ltr' id='par_1_1' title="bbox 380 553 1454 787">
     <span class='ocr_line' id='line_1_1' title="bbox 380 553 1180 662; baseline -0.005 -23"><span class='ocrx_word' id='word_1_1' title='bbox 380 567 501 662; x_wconf 80' lang='lat' dir='ltr'>lxxviij</span> <span class='ocrx_word' id='word_1_2' title='bbox 650 567 895 637; x_wconf 78' lang='lat' dir='ltr'>nrsroutcs</span> <span class='ocrx_word' id='word_1_3' title='bbox 915 553 973 636; x_wconf 76' lang='lat' dir='ltr'>tr</span> <span class='ocrx_word' id='word_1_4' title='bbox 997 567 1180 636; x_wconf 75' lang='lat' dir='ltr'>smnus</span> 
     </span>
     <span class='ocr_line' id='line_1_2' title="bbox 384 685 1454 787; baseline -0.005 -31"><span class='ocrx_word' id='word_1_5' title='bbox 384 691 618 787; x_wconf 80' lang='lat' dir='ltr'>sparsaque,sb</span> <span class='ocrx_word' id='word_1_6' title='bbox 630 690 749 754; x_wconf 89' lang='lat' dir='ltr'>intimo</span> <span class='ocrx_word' id='word_1_7' title='bbox 764 705 797 754; x_wconf 87' lang='lat' dir='ltr'>et</span> <span class='ocrx_word' id='word_1_8' title='bbox 810 689 953 778; x_wconf 85' lang='lat' dir='ltr'>genuino</span> <span class='ocrx_word' id='word_1_9' title='bbox 968 707 1065 752; x_wconf 85' lang='lat' dir='ltr'>sensu</span> <span class='ocrx_word' id='word_1_10' title='bbox 1081 685 1225 755; x_wconf 82' lang='lat' dir='ltr'>fluxere:</span> <span class='ocrx_word' id='word_1_11' title='bbox 1240 687 1268 752; x_wconf 85' lang='lat' dir='ltr'>si</span> <span class='ocrx_word' id='word_1_12' title='bbox 1280 685 1322 752; x_wconf 84' lang='lat' dir='ltr'>sd</span> <span class='ocrx_word' id='word_1_13' title='bbox 1336 709 1454 752; x_wconf 84' lang='lat' dir='ltr'>rerum</span> 
     </span>
    </p>
   </div>
   <div class='ocr_carea' id='block_1_2' title="bbox 382 792 1469 3000">
    <p class='ocr_par' dir='ltr' id='par_1_2' title="bbox 382 792 1458 1308">
     <span class='ocr_line' id='line_1_3' title="bbox 384 792 1457 882; baseline -0.006 -19"><span class='ocrx_word' id='word_1_14' title='bbox 384 819 545 863; x_wconf 88' lang='lat' dir='ltr'>summam</span> <span class='ocrx_word' id='word_1_15' title='bbox 556 794 865 873; x_wconf 72' lang='lat' dir='ltr'>emenderis‚cuncti</span> <span class='ocrx_word' id='word_1_16' title='bbox 873 793 1184 875; x_wconf 79' lang='lat' dir='ltr'>videnturaffectus,</span> <span class='ocrx_word' id='word_1_17' title='bbox 1196 792 1277 858; x_wconf 92' lang='lat' dir='ltr'>dum</span> <span class='ocrx_word' id='word_1_18' title='bbox 1288 809 1457 882; x_wconf 86' lang='lat' dir='ltr'>spectore</span> 
     </span>
     <span class='ocr_line' id='line_1_4' title="bbox 382 899 1456 991; baseline -0.005 -23"><span class='ocrx_word' id='word_1_19' title='bbox 382 905 418 968; x_wconf 89' lang='lat' dir='ltr'>in</span> <span class='ocrx_word' id='word_1_20' title='bbox 435 926 471 967; x_wconf 89' lang='lat' dir='ltr'>os</span> <span class='ocrx_word' id='word_1_21' title='bbox 488 900 653 991; x_wconf 90' lang='lat' dir='ltr'>prodeunt</span> <span class='ocrx_word' id='word_1_22' title='bbox 670 901 857 983; x_wconf 87' lang='lat' dir='ltr'>emittendi,</span> <span class='ocrx_word' id='word_1_23' title='bbox 876 901 909 964; x_wconf 93' lang='lat' dir='ltr'>in</span> <span class='ocrx_word' id='word_1_24' title='bbox 925 921 1077 988; x_wconf 79' lang='lat' dir='ltr'>vapores,</span> <span class='ocrx_word' id='word_1_25' title='bbox 1096 915 1135 964; x_wconf 91' lang='lat' dir='ltr'>ut</span> <span class='ocrx_word' id='word_1_26' title='bbox 1151 901 1195 965; x_wconf 84' lang='lat' dir='ltr'>ita</span> <span class='ocrx_word' id='word_1_27' title='bbox 1211 899 1333 982; x_wconf 81' lang='lat' dir='ltr'>dicem,</span> <span class='ocrx_word' id='word_1_28' title='bbox 1351 901 1456 980; x_wconf 83' lang='lat' dir='ltr'>solvi,</span> 
     </span>
     <span class='ocr_line' id='line_1_5' title="bbox 384 997 1458 1098; baseline -0.002 -26"><span class='ocrx_word' id='word_1_29' title='bbox 384 1032 451 1098; x_wconf 92' lang='lat' dir='ltr'>quo</span> <span class='ocrx_word' id='word_1_30' title='bbox 474 997 568 1072; x_wconf 82' lang='lat' dir='ltr'>latius</span> <span class='ocrx_word' id='word_1_31' title='bbox 590 1023 800 1098; x_wconf 81' lang='lat' dir='ltr'>turgescunt,</span> <span class='ocrx_word' id='word_1_32' title='bbox 816 1027 857 1072; x_wconf 88' lang='lat' dir='ltr'>eo</span> <span class='ocrx_word' id='word_1_33' title='bbox 882 1007 990 1072; x_wconf 90' lang='lat' dir='ltr'>minus</span> <span class='ocrx_word' id='word_1_34' title='bbox 1008 1005 1162 1095; x_wconf 87' lang='lat' dir='ltr'>ponderis</span> <span class='ocrx_word' id='word_1_35' title='bbox 1178 1005 1360 1070; x_wconf 78' lang='lat' dir='ltr'>habituros.</span> <span class='ocrx_word' id='word_1_36' title='bbox 1376 1005 1458 1070; x_wconf 90' lang='lat' dir='ltr'>Ple-</span> 
     </span>
     <span class='ocr_line' id='line_1_6' title="bbox 383 1112 1458 1205; baseline -0.006 -25"><span class='ocrx_word' id='word_1_37' title='bbox 383 1136 527 1203; x_wconf 84' lang='lat' dir='ltr'>rumque</span> <span class='ocrx_word' id='word_1_38' title='bbox 534 1113 621 1203; x_wconf 84' lang='lat' dir='ltr'>apud</span> <span class='ocrx_word' id='word_1_39' title='bbox 629 1114 784 1178; x_wconf 84' lang='lat' dir='ltr'>Senecam</span> <span class='ocrx_word' id='word_1_40' title='bbox 791 1113 927 1181; x_wconf 80' lang='lat' dir='ltr'>affectus</span> <span class='ocrx_word' id='word_1_41' title='bbox 937 1112 1195 1201; x_wconf 80' lang='lat' dir='ltr'>cupiditatesque</span> <span class='ocrx_word' id='word_1_42' title='bbox 1204 1113 1248 1176; x_wconf 83' lang='lat' dir='ltr'>ita</span> <span class='ocrx_word' id='word_1_43' title='bbox 1256 1113 1458 1205; x_wconf 85' lang='lat' dir='ltr'>loquuntur,</span> 
     </span>
     <span class='ocr_line' id='line_1_7' title="bbox 385 1233 773 1308; baseline 0.003 -26"><span class='ocrx_word' id='word_1_44' title='bbox 385 1236 425 1283; x_wconf 92' lang='lat' dir='ltr'>ut</span> <span class='ocrx_word' id='word_1_45' title='bbox 440 1235 542 1284; x_wconf 88' lang='lat' dir='ltr'>semet</span> <span class='ocrx_word' id='word_1_46' title='bbox 557 1239 626 1282; x_wconf 87' lang='lat' dir='ltr'>esse</span> <span class='ocrx_word' id='word_1_47' title='bbox 643 1233 773 1308; x_wconf 84' lang='lat' dir='ltr'>negent</span> 
     </span>
    </p>

    <p class='ocr_par' dir='ltr' id='par_1_3' title="bbox 386 1321 1462 1837">
     <span class='ocr_line' id='line_1_8' title="bbox 431 1321 1462 1412; baseline -0.002 -24"><span class='ocrx_word' id='word_1_48' title='bbox 431 1324 587 1407; x_wconf 82' lang='lat' dir='ltr'>Quamvis</span> <span class='ocrx_word' id='word_1_49' title='bbox 600 1324 665 1388; x_wconf 93' lang='lat' dir='ltr'>hoc</span> <span class='ocrx_word' id='word_1_50' title='bbox 678 1343 782 1390; x_wconf 87' lang='lat' dir='ltr'>unum</span> <span class='ocrx_word' id='word_1_51' title='bbox 796 1321 954 1406; x_wconf 81' lang='lat' dir='ltr'>sufficiat,</span> <span class='ocrx_word' id='word_1_52' title='bbox 970 1345 1013 1388; x_wconf 91' lang='lat' dir='ltr'>ne</span> <span class='ocrx_word' id='word_1_53' title='bbox 1026 1323 1129 1412; x_wconf 86' lang='lat' dir='ltr'>possit</span> <span class='ocrx_word' id='word_1_54' title='bbox 1141 1323 1261 1388; x_wconf 83' lang='lat' dir='ltr'><strong>Seneca</strong></span> <span class='ocrx_word' id='word_1_55' title='bbox 1275 1345 1350 1388; x_wconf 85' lang='lat' dir='ltr'>cum</span> <span class='ocrx_word' id='word_1_56' title='bbox 1367 1321 1462 1386; x_wconf 82' lang='lat' dir='ltr'>Grae·</span> 
     </span>
     <span class='ocr_line' id='line_1_9' title="bbox 386 1428 1461 1522; baseline -0.005 -26"><span class='ocrx_word' id='word_1_57' title='bbox 386 1433 432 1496; x_wconf 86' lang='lat' dir='ltr'>cis</span> <span class='ocrx_word' id='word_1_58' title='bbox 449 1430 491 1495; x_wconf 85' lang='lat' dir='ltr'>de</span> <span class='ocrx_word' id='word_1_59' title='bbox 508 1432 614 1520; x_wconf 86' lang='lat' dir='ltr'>palma</span> <span class='ocrx_word' id='word_1_60' title='bbox 632 1429 848 1514; x_wconf 81' lang='lat' dir='ltr'>contendere,</span> <span class='ocrx_word' id='word_1_61' title='bbox 865 1446 914 1496; x_wconf 91' lang='lat' dir='ltr'>est</span> <span class='ocrx_word' id='word_1_62' title='bbox 931 1447 1039 1522; x_wconf 83' lang='lat' dir='ltr'>tamen</span> <span class='ocrx_word' id='word_1_63' title='bbox 1061 1445 1093 1494; x_wconf 90' lang='lat' dir='ltr'>et</span> <span class='ocrx_word' id='word_1_64' title='bbox 1109 1428 1213 1512; x_wconf 75' lang='lat' dir='ltr'>alind„</span> <span class='ocrx_word' id='word_1_65' title='bbox 1232 1452 1298 1518; x_wconf 87' lang='lat' dir='ltr'>quo</span> <span class='ocrx_word' id='word_1_66' title='bbox 1313 1431 1343 1494; x_wconf 88' lang='lat' dir='ltr'>ei</span> <span class='ocrx_word' id='word_1_67' title='bbox 1361 1443 1461 1491; x_wconf 83' lang='lat' dir='ltr'>ante-</span> 
     </span>
     <span class='ocr_line' id='line_1_10' title="bbox 389 1534 1461 1626; baseline -0.006 -23"><span class='ocrx_word' id='word_1_68' title='bbox 389 1537 516 1603; x_wconf 85' lang='lat' dir='ltr'>cellant.</span> <span class='ocrx_word' id='word_1_69' title='bbox 540 1538 655 1625; x_wconf 83' lang='lat' dir='ltr'>Itaque</span> <span class='ocrx_word' id='word_1_70' title='bbox 685 1553 776 1625; x_wconf 83' lang='lat' dir='ltr'>parte</span> <span class='ocrx_word' id='word_1_71' title='bbox 798 1559 896 1626; x_wconf 82' lang='lat' dir='ltr'>qttsm</span> <span class='ocrx_word' id='word_1_72' title='bbox 923 1537 1032 1602; x_wconf 91' lang='lat' dir='ltr'>adhuc</span> <span class='ocrx_word' id='word_1_73' title='bbox 1059 1536 1295 1625; x_wconf 77' lang='lat' dir='ltr'><strong>exploravimus</strong></span> <span class='ocrx_word' id='word_1_74' title='bbox 1318 1534 1461 1625; x_wconf 81' lang='lat' dir='ltr'>egressi,</span> 
     </span>
     <span class='ocr_line' id='line_1_11' title="bbox 390 1639 1461 1733; baseline -0.004 -27"><span class='ocrx_word' id='word_1_75' title='bbox 390 1665 463 1731; x_wconf 80' lang='lat' dir='ltr'>quse</span> <span class='ocrx_word' id='word_1_76' title='bbox 482 1643 525 1707; x_wconf 91' lang='lat' dir='ltr'>sit</span> <span class='ocrx_word' id='word_1_77' title='bbox 543 1644 610 1724; x_wconf 89' lang='lat' dir='ltr'>ejus</span> <span class='ocrx_word' id='word_1_78' title='bbox 630 1643 665 1706; x_wconf 91' lang='lat' dir='ltr'>in</span> <span class='ocrx_word' id='word_1_79' title='bbox 681 1643 883 1708; x_wconf 84' lang='lat' dir='ltr'>inveniendis</span> <span class='ocrx_word' id='word_1_80' title='bbox 901 1641 1176 1733; x_wconf 86' lang='lat' dir='ltr'>disponendisque</span> <span class='ocrx_word' id='word_1_81' title='bbox 1195 1643 1293 1706; x_wconf 90' lang='lat' dir='ltr'>rebus</span> <span class='ocrx_word' id='word_1_82' title='bbox 1310 1639 1461 1721; x_wconf 88' lang='lat' dir='ltr'>solertia,</span> 
     </span>
     <span class='ocr_line' id='line_1_12' title="bbox 390 1747 1214 1837; baseline 0.005 -25"><span class='ocrx_word' id='word_1_83' title='bbox 390 1763 514 1822; x_wconf 82' lang='lat' dir='ltr'>servata</span> <span class='ocrx_word' id='word_1_84' title='bbox 529 1768 606 1812; x_wconf 88' lang='lat' dir='ltr'>cum</span> <span class='ocrx_word' id='word_1_85' title='bbox 624 1747 743 1813; x_wconf 76' lang='lat' dir='ltr'>Graecis</span> <span class='ocrx_word' id='word_1_86' title='bbox 761 1748 951 1832; x_wconf 81' lang='lat' dir='ltr'>collatione,</span> <span class='ocrx_word' id='word_1_87' title='bbox 965 1747 1214 1837; x_wconf 84' lang='lat' dir='ltr'>perpendamus.</span> 
     </span>
    </p>

    <p class='ocr_par' dir='ltr' id='par_1_4' title="bbox 390 1850 1467 2789">
     <span class='ocr_line' id='line_1_13' title="bbox 434 1850 1464 1941; baseline -0.003 -25"><span class='ocrx_word' id='word_1_88' title='bbox 434 1852 613 1941; x_wconf 84' lang='lat' dir='ltr'>Dispositio</span> <span class='ocrx_word' id='word_1_89' title='bbox 638 1852 755 1917; x_wconf 81' lang='lat' dir='ltr'>fabulae</span> <span class='ocrx_word' id='word_1_90' title='bbox 780 1853 815 1916; x_wconf 92' lang='lat' dir='ltr'>in</span> <span class='ocrx_word' id='word_1_91' title='bbox 844 1852 1025 1940; x_wconf 88' lang='lat' dir='ltr'>Sophocleo</span> <span class='ocrx_word' id='word_1_92' title='bbox 1048 1850 1180 1940; x_wconf 86' lang='lat' dir='ltr'>OEdipo</span> <span class='ocrx_word' id='word_1_93' title='bbox 1208 1875 1227 1914; x_wconf 92' lang='lat' dir='ltr'>a</span> <span class='ocrx_word' id='word_1_94' title='bbox 1255 1850 1392 1930; x_wconf 88' lang='lat' dir='ltr'>criticis,</span> <span class='ocrx_word' id='word_1_95' title='bbox 1421 1866 1464 1913; x_wconf 91' lang='lat' dir='ltr'>ut</span> 
     </span>
     <span class='ocr_line' id='line_1_14' title="bbox 390 1956 1463 2052; baseline -0.003 -30"><span class='ocrx_word' id='word_1_96' title='bbox 390 1959 573 2036; x_wconf 80' lang='lat' dir='ltr'>imitatione</span> <span class='ocrx_word' id='word_1_97' title='bbox 592 1956 794 2047; x_wconf 82' lang='lat' dir='ltr'>dignissima,</span> <span class='ocrx_word' id='word_1_98' title='bbox 808 1959 880 2040; x_wconf 87' lang='lat' dir='ltr'>jure</span> <span class='ocrx_word' id='word_1_99' title='bbox 899 1957 1027 2023; x_wconf 89' lang='lat' dir='ltr'>laudata</span> <span class='ocrx_word' id='word_1_100' title='bbox 1048 1972 1115 2040; x_wconf 85' lang='lat' dir='ltr'>est3</span> <span class='ocrx_word' id='word_1_101' title='bbox 1134 1957 1281 2046; x_wconf 85' lang='lat' dir='ltr'>OEdipus</span> <span class='ocrx_word' id='word_1_102' title='bbox 1303 1957 1463 2052; x_wconf 80' lang='lat' dir='ltr'>omnibus</span> 
     </span>
     <span class='ocr_line' id='line_1_15' title="bbox 393 2061 1464 2152; baseline -0.001 -25"><span class='ocrx_word' id='word_1_103' title='bbox 393 2063 609 2150; x_wconf 77' lang='lat' dir='ltr'>antiquitatis,</span> <span class='ocrx_word' id='word_1_104' title='bbox 624 2085 838 2152; x_wconf 72' lang='lat' dir='ltr'>quaecumque</span> <span class='ocrx_word' id='word_1_105' title='bbox 849 2079 990 2146; x_wconf 81' lang='lat' dir='ltr'>exstant,</span> <span class='ocrx_word' id='word_1_106' title='bbox 1003 2063 1165 2152; x_wconf 69' lang='lat' dir='ltr'>tragoediis</span> <span class='ocrx_word' id='word_1_107' title='bbox 1176 2063 1268 2128; x_wconf 87' lang='lat' dir='ltr'>facile</span> <span class='ocrx_word' id='word_1_108' title='bbox 1280 2063 1340 2136; x_wconf 86' lang='lat' dir='ltr'>hac</span> <span class='ocrx_word' id='word_1_109' title='bbox 1363 2061 1464 2128; x_wconf 87' lang='lat' dir='ltr'>laude</span> 
     </span>
     <span class='ocr_line' id='line_1_16' title="bbox 393 2167 1465 2260; baseline -0.004 -26"><span class='ocrx_word' id='word_1_110' title='bbox 393 2185 532 2260; x_wconf 80' lang='lat' dir='ltr'>praestat.</span> <span class='ocrx_word' id='word_1_111' title='bbox 557 2172 719 2235; x_wconf 83' lang='lat' dir='ltr'>Tractavit</span> <span class='ocrx_word' id='word_1_112' title='bbox 736 2170 883 2235; x_wconf 86' lang='lat' dir='ltr'>eamdem</span> <span class='ocrx_word' id='word_1_113' title='bbox 904 2171 1047 2234; x_wconf 84' lang='lat' dir='ltr'>fabulam</span> <span class='ocrx_word' id='word_1_114' title='bbox 1065 2170 1211 2234; x_wconf 88' lang='lat' dir='ltr'>Seneca:</span> <span class='ocrx_word' id='word_1_115' title='bbox 1230 2167 1288 2233; x_wconf 90' lang='lat' dir='ltr'>sed</span> <span class='ocrx_word' id='word_1_116' title='bbox 1304 2191 1409 2256; x_wconf 90' lang='lat' dir='ltr'>quum</span> <span class='ocrx_word' id='word_1_117' title='bbox 1426 2169 1465 2230; x_wconf 92' lang='lat' dir='ltr'>in</span> 
     </span>
     <span class='ocr_line' id='line_1_17' title="bbox 396 2273 1466 2364; baseline -0.002 -26"><span class='ocrx_word' id='word_1_118' title='bbox 396 2275 634 2364; x_wconf 69' lang='lat' dir='ltr'>componendis</span> <span class='ocrx_word' id='word_1_119' title='bbox 648 2276 748 2349; x_wconf 65' lang='lat' dir='ltr'>rebus,</span> <span class='ocrx_word' id='word_1_120' title='bbox 757 2275 905 2364; x_wconf 86' lang='lat' dir='ltr'>quaedam</span> <span class='ocrx_word' id='word_1_121' title='bbox 919 2273 1092 2340; x_wconf 88' lang='lat' dir='ltr'>emendare</span> <span class='ocrx_word' id='word_1_122' title='bbox 1107 2297 1174 2338; x_wconf 94' lang='lat' dir='ltr'>non</span> <span class='ocrx_word' id='word_1_123' title='bbox 1191 2275 1405 2350; x_wconf 83' lang='lat' dir='ltr'>dubitaverit,</span> <span class='ocrx_word' id='word_1_124' title='bbox 1422 2295 1466 2336; x_wconf 85' lang='lat' dir='ltr'>ex</span> 
     </span>
     <span class='ocr_line' id='line_1_18' title="bbox 396 2365 1466 2474; baseline -0.002 -29"><span class='ocrx_word' id='word_1_125' title='bbox 396 2383 447 2446; x_wconf 88' lang='lat' dir='ltr'>his</span> <span class='ocrx_word' id='word_1_126' title='bbox 470 2365 547 2470; x_wconf 90' lang='lat' dir='ltr'>ipsis</span> <span class='ocrx_word' id='word_1_127' title='bbox 564 2399 652 2446; x_wconf 88' lang='lat' dir='ltr'>certe</span> <span class='ocrx_word' id='word_1_128' title='bbox 669 2384 790 2472; x_wconf 88' lang='lat' dir='ltr'>poterit</span> <span class='ocrx_word' id='word_1_129' title='bbox 807 2383 932 2472; x_wconf 82' lang='lat' dir='ltr'>colligi,</span> <span class='ocrx_word' id='word_1_130' title='bbox 956 2380 1035 2474; x_wconf 83' lang='lat' dir='ltr'>q&#39;uid</span> <span class='ocrx_word' id='word_1_131' title='bbox 1049 2381 1162 2461; x_wconf 89' lang='lat' dir='ltr'>judicii</span> <span class='ocrx_word' id='word_1_132' title='bbox 1181 2398 1214 2446; x_wconf 90' lang='lat' dir='ltr'>et</span> <span class='ocrx_word' id='word_1_133' title='bbox 1229 2381 1384 2446; x_wconf 78' lang='lat' dir='ltr'>doctrinm</span> <span class='ocrx_word' id='word_1_134' title='bbox 1402 2379 1466 2444; x_wconf 87' lang='lat' dir='ltr'>ha-</span> 
     </span>
     <span class='ocr_line' id='line_1_19' title="bbox 397 2485 1467 2582; baseline -0.006 -28"><span class='ocrx_word' id='word_1_135' title='bbox 397 2487 522 2569; x_wconf 88' lang='lat' dir='ltr'>buerit,</span> <span class='ocrx_word' id='word_1_136' title='bbox 547 2501 708 2582; x_wconf 81' lang='lat' dir='ltr'>qttatenus</span> <span class='ocrx_word' id='word_1_137' title='bbox 731 2491 766 2552; x_wconf 92' lang='lat' dir='ltr'>in</span> <span class='ocrx_word' id='word_1_138' title='bbox 789 2489 844 2554; x_wconf 88' lang='lat' dir='ltr'>illo</span> <span class='ocrx_word' id='word_1_139' title='bbox 866 2490 986 2578; x_wconf 82' lang='lat' dir='ltr'>tragica</span> <span class='ocrx_word' id='word_1_140' title='bbox 1007 2490 1140 2554; x_wconf 82' lang='lat' dir='ltr'>facultas</span> <span class='ocrx_word' id='word_1_141' title='bbox 1166 2503 1337 2576; x_wconf 82' lang='lat' dir='ltr'>spectetur.</span> <span class='ocrx_word' id='word_1_142' title='bbox 1361 2485 1467 2568; x_wconf 90' lang='lat' dir='ltr'>Quod</span> 
     </span>
     <span class='ocr_line' id='line_1_20' title="bbox 397 2591 1467 2684; baseline -0.002 -28"><span class='ocrx_word' id='word_1_143' title='bbox 397 2591 530 2681; x_wconf 72' lang='lat' dir='ltr'>quidem</span> <span class='ocrx_word' id='word_1_144' title='bbox 546 2593 717 2683; x_wconf 82' lang='lat' dir='ltr'>diligenter</span> <span class='ocrx_word' id='word_1_145' title='bbox 732 2593 947 2684; x_wconf 84' lang='lat' dir='ltr'>ponderatum</span> <span class='ocrx_word' id='word_1_146' title='bbox 964 2593 1004 2658; x_wconf 91' lang='lat' dir='ltr'>ad</span> <span class='ocrx_word' id='word_1_147' title='bbox 1022 2595 1265 2661; x_wconf 78' lang='lat' dir='ltr'>aestimationem</span> <span class='ocrx_word' id='word_1_148' title='bbox 1281 2591 1322 2656; x_wconf 89' lang='lat' dir='ltr'>de</span> <span class='ocrx_word' id='word_1_149' title='bbox 1335 2591 1467 2680; x_wconf 89' lang='lat' dir='ltr'>poetico</span> 
     </span>
     <span class='ocr_line' id='line_1_21' title="bbox 398 2697 1189 2789; baseline 0.004 -28"><span class='ocrx_word' id='word_1_150' title='bbox 398 2697 483 2766; x_wconf 87' lang='lat' dir='ltr'>illius</span> <span class='ocrx_word' id='word_1_151' title='bbox 496 2698 629 2788; x_wconf 82' lang='lat' dir='ltr'>ingenio</span> <span class='ocrx_word' id='word_1_152' title='bbox 643 2697 821 2771; x_wconf 81' lang='lat' dir='ltr'>faciendam</span> <span class='ocrx_word' id='word_1_153' title='bbox 838 2700 1017 2789; x_wconf 90' lang='lat' dir='ltr'>plurimum</span> <span class='ocrx_word' id='word_1_154' title='bbox 1035 2701 1189 2764; x_wconf 85' lang='lat' dir='ltr'>conferet.</span> 
     </span>
    </p>

    <p class='ocr_par' dir='ltr' id='par_1_5' title="bbox 402 2801 1469 3000">
     <span class='ocr_line' id='line_1_22' title="bbox 445 2801 1468 2894; baseline -0.004 -27"><span class='ocrx_word' id='word_1_155' title='bbox 445 2802 563 2892; x_wconf 86' lang='lat' dir='ltr'>OEdipi</span> <span class='ocrx_word' id='word_1_156' title='bbox 579 2805 669 2868; x_wconf 88' lang='lat' dir='ltr'>latini</span> <span class='ocrx_word' id='word_1_157' title='bbox 684 2806 843 2894; x_wconf 81' lang='lat' dir='ltr'>expositio</span> <span class='ocrx_word' id='word_1_158' title='bbox 860 2803 986 2870; x_wconf 80' lang='lat' dir='ltr'>duabus</span> <span class='ocrx_word' id='word_1_159' title='bbox 1005 2805 1103 2894; x_wconf 91' lang='lat' dir='ltr'>primi</span> <span class='ocrx_word' id='word_1_160' title='bbox 1125 2821 1216 2868; x_wconf 90' lang='lat' dir='ltr'>actus</span> <span class='ocrx_word' id='word_1_161' title='bbox 1239 2802 1341 2868; x_wconf 88' lang='lat' dir='ltr'>scenis</span> <span class='ocrx_word' id='word_1_162' title='bbox 1358 2801 1468 2865; x_wconf 88' lang='lat' dir='ltr'>conti-</span> 
     </span>
     <span class='ocr_line' id='line_1_23' title="bbox 402 2905 1469 3000; baseline -0.003 -28"><span class='ocrx_word' id='word_1_163' title='bbox 402 2925 507 2992; x_wconf 80' lang='lat' dir='ltr'>netur.</span> <span class='ocrx_word' id='word_1_164' title='bbox 526 2908 642 2998; x_wconf 87' lang='lat' dir='ltr'>Neque</span> <span class='ocrx_word' id='word_1_165' title='bbox 662 2931 741 2975; x_wconf 90' lang='lat' dir='ltr'>usus</span> <span class='ocrx_word' id='word_1_166' title='bbox 769 2927 817 2975; x_wconf 88' lang='lat' dir='ltr'>est</span> <span class='ocrx_word' id='word_1_167' title='bbox 837 2925 932 3000; x_wconf 79' lang='lat' dir='ltr'>poeta</span> <span class='ocrx_word' id='word_1_168' title='bbox 948 2909 1082 2975; x_wconf 84' lang='lat' dir='ltr'>notabili</span> <span class='ocrx_word' id='word_1_169' title='bbox 1103 2909 1271 3000; x_wconf 87' lang='lat' dir='ltr'>Sophoclis</span> <span class='ocrx_word' id='word_1_170' title='bbox 1291 2923 1374 2988; x_wconf 89' lang='lat' dir='ltr'>arte,</span> <span class='ocrx_word' id='word_1_171' title='bbox 1395 2905 1469 2994; x_wconf 91' lang='lat' dir='ltr'>qui,</span> 
     </span>
    </p>
   </div>
   <div class='ocr_carea' id='block_1_3' title="bbox 587 3148 1208 3450">
    <p class='ocr_par' dir='ltr' id='par_1_6' title="bbox 587 3148 1097 3210">
     <span class='ocr_line' id='line_1_24' title="bbox 587 3148 1097 3210; baseline -0.002 -16"><span class='ocrx_word' id='word_1_172' title='bbox 587 3148 682 3194; x_wconf 71' lang='lat' dir='ltr'>smnus</span> <span class='ocrx_word' id='word_1_173' title='bbox 697 3157 792 3210; x_wconf 81' lang='lat' dir='ltr'>recepte</span> <span class='ocrx_word' id='word_1_174' title='bbox 808 3158 883 3204; x_wconf 82' lang='lat' dir='ltr'>morte</span> <span class='ocrx_word' id='word_1_175' title='bbox 898 3148 1010 3210; x_wconf 80' lang='lat' dir='ltr'>prorupit</span> <span class='ocrx_word' id='word_1_176' title='bbox 1024 3162 1097 3194; x_wconf 87' lang='lat' dir='ltr'>cruor</span> 
     </span>
    </p>

    <p class='ocr_par' dir='ltr' id='par_1_7' title="bbox 589 3224 1208 3450">
     <span class='ocr_line' id='line_1_25' title="bbox 589 3224 1208 3288; baseline -0.003 -16"><span class='ocrx_word' id='word_1_177' title='bbox 589 3227 633 3273; x_wconf 80' lang='lat' dir='ltr'>Pet</span> <span class='ocrx_word' id='word_1_178' title='bbox 647 3226 731 3273; x_wconf 82' lang='lat' dir='ltr'>vulnus</span> <span class='ocrx_word' id='word_1_179' title='bbox 747 3226 845 3288; x_wconf 76' lang='lat' dir='ltr'>ingens,</span> <span class='ocrx_word' id='word_1_180' title='bbox 861 3241 904 3273; x_wconf 82' lang='lat' dir='ltr'>sec</span> <span class='ocrx_word' id='word_1_181' title='bbox 920 3236 998 3280; x_wconf 76' lang='lat' dir='ltr'>umen</span> <span class='ocrx_word' id='word_1_182' title='bbox 1015 3225 1116 3272; x_wconf 81' lang='lat' dir='ltr'>moriem</span> <span class='ocrx_word' id='word_1_183' title='bbox 1131 3224 1208 3272; x_wconf 76' lang='lat' dir='ltr'>adhuc</span> 
     </span>
     <span class='ocr_line' id='line_1_26' title="bbox 589 3306 1176 3370; baseline 0.002 -17"><span class='ocrx_word' id='word_1_184' title='bbox 589 3306 693 3369; x_wconf 80' lang='lat' dir='ltr'>Deponit</span> <span class='ocrx_word' id='word_1_185' title='bbox 706 3311 811 3355; x_wconf 78' lang='lat' dir='ltr'>animos:</span> <span class='ocrx_word' id='word_1_186' title='bbox 828 3307 924 3364; x_wconf 87' lang='lat' dir='ltr'>cecidit,</span> <span class='ocrx_word' id='word_1_187' title='bbox 943 3319 969 3355; x_wconf 88' lang='lat' dir='ltr'>ut</span> <span class='ocrx_word' id='word_1_188' title='bbox 985 3307 1069 3355; x_wconf 77' lang='lat' dir='ltr'>Achilli</span> <span class='ocrx_word' id='word_1_189' title='bbox 1084 3322 1176 3370; x_wconf 71' lang='lat' dir='ltr'>gravem</span> 
     </span>
     <span class='ocr_line' id='line_1_27' title="bbox 589 3386 1138 3450; baseline 0.002 -19"><span class='ocrx_word' id='word_1_190' title='bbox 589 3388 687 3434; x_wconf 75' lang='lat' dir='ltr'>Factam</span> <span class='ocrx_word' id='word_1_191' title='bbox 702 3397 803 3445; x_wconf 78' lang='lat' dir='ltr'>temni,</span> <span class='ocrx_word' id='word_1_192' title='bbox 820 3403 909 3450; x_wconf 86' lang='lat' dir='ltr'>prom,</span> <span class='ocrx_word' id='word_1_193' title='bbox 925 3387 1024 3435; x_wconf 82' lang='lat' dir='ltr'>stiram</span> <span class='ocrx_word' id='word_1_194' title='bbox 1040 3386 1138 3450; x_wconf 86' lang='lat' dir='ltr'>impetu.</span> 
     </span>
    </p>
   </div>
   <div class='ocr_carea' id='block_1_4' title="bbox 407 3539 1474 3616">
    <p class='ocr_par' dir='ltr' id='par_1_8' title="bbox 407 3539 1474 3616">
     <span class='ocr_line' id='line_1_28' title="bbox 407 3539 1474 3616; baseline -0.002 -22"><span class='ocrx_word' id='word_1_195' title='bbox 407 3539 471 3600; x_wconf 76' lang='lat' dir='ltr'>lieo</span> <span class='ocrx_word' id='word_1_196' title='bbox 487 3553 602 3596; x_wconf 74' lang='lat' dir='ltr'>eruenta</span> <span class='ocrx_word' id='word_1_197' title='bbox 614 3543 819 3598; x_wconf 75' lang='lat' dir='ltr'>declamatorem</span> <span class='ocrx_word' id='word_1_198' title='bbox 836 3543 968 3616; x_wconf 85' lang='lat' dir='ltr'>produnt,</span> <span class='ocrx_word' id='word_1_199' title='bbox 981 3542 1048 3598; x_wconf 89' lang='lat' dir='ltr'>dum</span> <span class='ocrx_word' id='word_1_200' title='bbox 1064 3557 1156 3598; x_wconf 84' lang='lat' dir='ltr'>contra</span> <span class='ocrx_word' id='word_1_201' title='bbox 1174 3545 1204 3596; x_wconf 87' lang='lat' dir='ltr'>in</span> <span class='ocrx_word' id='word_1_202' title='bbox 1221 3539 1349 3614; x_wconf 83' lang='lat' dir='ltr'>Euripide</span> <span class='ocrx_word' id='word_1_203' title='bbox 1366 3541 1474 3596; x_wconf 84' lang='lat' dir='ltr'>notissi-</span> 
     </span>
    </p>
   </div>
   <div class='ocr_carea' id='block_1_5' title="bbox 306 3631 1475 3710">
    <p class='ocr_par' dir='ltr' id='par_1_9' title="bbox 306 3631 1475 3710">
     <span class='ocr_line' id='line_1_29' title="bbox 306 3631 1475 3710; baseline 0 -23"><span class='ocrx_word' id='word_1_204' title='bbox 306 3695 307 3700; x_wconf 65' lang='lat'>,</span> <span class='ocrx_word' id='word_1_205' title='bbox 408 3651 483 3686; x_wconf 86' lang='lat' dir='ltr'>ntum</span> <span class='ocrx_word' id='word_1_206' title='bbox 504 3633 588 3699; x_wconf 84' lang='lat' dir='ltr'>illud,</span> <span class='ocrx_word' id='word_1_207' title='bbox 614 3639 656 3691; x_wconf 71' lang='lat' dir='ltr'>tel</span> <span class='ocrx_word' id='word_1_208' title='bbox 676 3639 804 3696; x_wconf 64' lang='lat' dir='ltr'>nisaeus</span> <span class='ocrx_word' id='word_1_209' title='bbox 821 3639 888 3710; x_wconf 74' lang='grc' dir='ltr'>ὅμως</span> <span class='ocrx_word' id='word_1_210' title='bbox 906 3639 997 3696; x_wconf 75' lang='grc' dir='ltr'>πολλὴν</span> <span class='ocrx_word' id='word_1_211' title='bbox 1019 3639 1131 3709; x_wconf 71' lang='grc' dir='ltr'>πρόνοιαν</span> <span class='ocrx_word' id='word_1_212' title='bbox 1150 3631 1213 3706; x_wconf 58' lang='lat' dir='ltr'>siper</span> <span class='ocrx_word' id='word_1_213' title='bbox 1237 3636 1365 3707; x_wconf 70' lang='lat' dir='ltr'>siqn&#39;poe</span> <span class='ocrx_word' id='word_1_214' title='bbox 1388 3639 1475 3688; x_wconf 79' lang='grc' dir='ltr'>πεσεῖν</span> 
     </span>
    </p>
   </div>
   <div class='ocr_carea' id='block_1_6' title="bbox 409 3720 1480 4234">
    <p class='ocr_par' dir='ltr' id='par_1_10' title="bbox 409 3720 1480 4234">
     <span class='ocr_line' id='line_1_30' title="bbox 409 3720 1476 3795; baseline 0 -21"><span class='ocrx_word' id='word_1_215' title='bbox 409 3729 484 3789; x_wconf 85' lang='lat' dir='ltr'>(Tum</span> <span class='ocrx_word' id='word_1_216' title='bbox 498 3743 596 3792; x_wconf 81' lang='lat' dir='ltr'>qnoque</span> <span class='ocrx_word' id='word_1_217' title='bbox 604 3729 662 3794; x_wconf 80' lang='lat' dir='ltr'>jam</span> <span class='ocrx_word' id='word_1_218' title='bbox 672 3729 791 3788; x_wconf 76' lang='lat' dir='ltr'>moriem,</span> <span class='ocrx_word' id='word_1_219' title='bbox 806 3745 838 3776; x_wconf 83' lang='lat' dir='ltr'>ne</span> <span class='ocrx_word' id='word_1_220' title='bbox 850 3745 899 3778; x_wconf 80' lang='lat' dir='ltr'>nort</span> <span class='ocrx_word' id='word_1_221' title='bbox 908 3729 1055 3795; x_wconf 78' lang='lat' dir='ltr'>procumbat</span> <span class='ocrx_word' id='word_1_222' title='bbox 1065 3727 1179 3789; x_wconf 71' lang='lat' dir='ltr'>honeste,</span> <span class='ocrx_word' id='word_1_223' title='bbox 1191 3727 1302 3794; x_wconf 76' lang='lat' dir='ltr'>Respicit.</span> <span class='ocrx_word' id='word_1_224' title='bbox 1314 3720 1394 3776; x_wconf 82' lang='lat' dir='ltr'>ovid.</span> <span class='ocrx_word' id='word_1_225' title='bbox 1406 3721 1476 3774; x_wconf 80' lang='lat' dir='ltr'>Fast.</span> 
     </span>
     <span class='ocr_line' id='line_1_31' title="bbox 410 3808 1477 3886; baseline -0.006 -20"><span class='ocrx_word' id='word_1_226' title='bbox 410 3813 454 3878; x_wconf 85' lang='lat'>11,</span> <span class='ocrx_word' id='word_1_227' title='bbox 466 3813 542 3880; x_wconf 83' lang='lat'>833).</span> <span class='ocrx_word' id='word_1_228' title='bbox 560 3825 662 3884; x_wconf 83' lang='lat' dir='ltr'>poetam</span> <span class='ocrx_word' id='word_1_229' title='bbox 675 3813 792 3867; x_wconf 77' lang='lat' dir='ltr'>declarat</span> <span class='ocrx_word' id='word_1_230' title='bbox 803 3831 873 3866; x_wconf 81' lang='lat' dir='ltr'>rere</span> <span class='ocrx_word' id='word_1_231' title='bbox 887 3826 987 3868; x_wconf 71' lang='lat' dir='ltr'>natura</span> <span class='ocrx_word' id='word_1_232' title='bbox 1002 3826 1029 3866; x_wconf 87' lang='lat' dir='ltr'>et</span> <span class='ocrx_word' id='word_1_233' title='bbox 1042 3813 1142 3886; x_wconf 85' lang='lat' dir='ltr'>ingenii</span> <span class='ocrx_word' id='word_1_234' title='bbox 1153 3811 1290 3886; x_wconf 85' lang='lat' dir='ltr'>splendide</span> <span class='ocrx_word' id='word_1_235' title='bbox 1301 3809 1410 3863; x_wconf 77' lang='lat' dir='ltr'>feminei</span> <span class='ocrx_word' id='word_1_236' title='bbox 1420 3808 1477 3862; x_wconf 84' lang='lat' dir='ltr'>leli·</span> 
     </span>
     <span class='ocr_line' id='line_1_32' title="bbox 411 3897 1479 3975; baseline -0.004 -21"><span class='ocrx_word' id='word_1_237' title='bbox 411 3902 476 3954; x_wconf 88' lang='lat' dir='ltr'>citer</span> <span class='ocrx_word' id='word_1_238' title='bbox 485 3901 747 3974; x_wconf 70' lang='lat' dir='ltr'>imitatoremlmmo</span> <span class='ocrx_word' id='word_1_239' title='bbox 758 3903 857 3956; x_wconf 81' lang='lat' dir='ltr'>Seneca</span> <span class='ocrx_word' id='word_1_240' title='bbox 870 3903 980 3957; x_wconf 82' lang='lat' dir='ltr'>stoicam</span> <span class='ocrx_word' id='word_1_241' title='bbox 992 3903 1065 3955; x_wconf 88' lang='lat' dir='ltr'>illam</span> <span class='ocrx_word' id='word_1_242' title='bbox 1076 3903 1302 3975; x_wconf 59' lang='lat' dir='ltr'>superbiamque</span> <span class='ocrx_word' id='word_1_243' title='bbox 1315 3900 1404 3954; x_wconf 81' lang='lat' dir='ltr'>virum</span> <span class='ocrx_word' id='word_1_244' title='bbox 1417 3897 1479 3969; x_wconf 86' lang='lat' dir='ltr'>qui·</span> 
     </span>
     <span class='ocr_line' id='line_1_33' title="bbox 412 3985 1478 4067; baseline -0.004 -26"><span class='ocrx_word' id='word_1_245' title='bbox 412 3987 473 4042; x_wconf 88' lang='lat' dir='ltr'>dem</span> <span class='ocrx_word' id='word_1_246' title='bbox 487 3988 576 4053; x_wconf 86' lang='lat' dir='ltr'>decet,</span> <span class='ocrx_word' id='word_1_247' title='bbox 588 3989 633 4044; x_wconf 86' lang='lat' dir='ltr'>sed</span> <span class='ocrx_word' id='word_1_248' title='bbox 647 4009 757 4062; x_wconf 87' lang='lat' dir='ltr'>perraro</span> <span class='ocrx_word' id='word_1_249' title='bbox 770 3995 798 4043; x_wconf 89' lang='lat' dir='ltr'>in</span> <span class='ocrx_word' id='word_1_250' title='bbox 812 3990 938 4046; x_wconf 82' lang='lat' dir='ltr'>feminam</span> <span class='ocrx_word' id='word_1_251' title='bbox 948 4003 1009 4064; x_wconf 90' lang='lat' dir='ltr'>apte</span> <span class='ocrx_word' id='word_1_252' title='bbox 1021 3989 1108 4055; x_wconf 86' lang='lat' dir='ltr'>cadit,</span> <span class='ocrx_word' id='word_1_253' title='bbox 1118 4010 1203 4067; x_wconf 88' lang='lat' dir='ltr'>puero</span> <span class='ocrx_word' id='word_1_254' title='bbox 1212 3988 1364 4065; x_wconf 79' lang='lat' dir='ltr'>Astyanacti</span> <span class='ocrx_word' id='word_1_255' title='bbox 1376 3985 1478 4046; x_wconf 86' lang='lat' dir='ltr'>induit,</span> 
     </span>
     <span class='ocr_line' id='line_1_34' title="bbox 413 4076 1480 4148; baseline -0.004 -19"><span class='ocrx_word' id='word_1_256' title='bbox 413 4076 459 4147; x_wconf 84' lang='lat' dir='ltr'>qui</span> <span class='ocrx_word' id='word_1_257' title='bbox 477 4079 548 4130; x_wconf 82' lang='lat' dir='ltr'>solus</span> <span class='ocrx_word' id='word_1_258' title='bbox 569 4097 623 4131; x_wconf 87' lang='lat' dir='ltr'>non</span> <span class='ocrx_word' id='word_1_259' title='bbox 640 4078 685 4132; x_wconf 89' lang='lat' dir='ltr'>flet</span> <span class='ocrx_word' id='word_1_260' title='bbox 705 4079 732 4134; x_wconf 89' lang='lat' dir='ltr'>in</span> <span class='ocrx_word' id='word_1_261' title='bbox 753 4079 873 4133; x_wconf 79' lang='lat' dir='ltr'>flentium</span> <span class='ocrx_word' id='word_1_262' title='bbox 891 4079 985 4145; x_wconf 86' lang='lat' dir='ltr'>turba,</span> <span class='ocrx_word' id='word_1_263' title='bbox 1006 4093 1032 4133; x_wconf 86' lang='lat' dir='ltr'>et</span> <span class='ocrx_word' id='word_1_264' title='bbox 1052 4095 1138 4148; x_wconf 80' lang='lat' dir='ltr'>sponte</span> <span class='ocrx_word' id='word_1_265' title='bbox 1151 4082 1235 4132; x_wconf 81' lang='lat' dir='ltr'>desilit</span> <span class='ocrx_word' id='word_1_266' title='bbox 1248 4083 1273 4132; x_wconf 78' lang='lat' dir='ltr'>in</span> <span class='ocrx_word' id='word_1_267' title='bbox 1290 4079 1371 4130; x_wconf 82' lang='lat' dir='ltr'>media</span> <span class='ocrx_word' id='word_1_268' title='bbox 1386 4079 1480 4126; x_wconf 79' lang='lat' dir='ltr'>Priami</span> 
     </span>
     <span class='ocr_line' id='line_1_35' title="bbox 416 4171 650 4234; baseline 0.017 -18"><span class='ocrx_word' id='word_1_269' title='bbox 416 4185 492 4234; x_wconf 72' lang='lat' dir='ltr'>regna</span> <span class='ocrx_word' id='word_1_270' title='bbox 511 4171 548 4233; x_wconf 82' lang='lat' dir='ltr'>(v.</span> <span class='ocrx_word' id='word_1_271' title='bbox 566 4173 650 4234; x_wconf 76' lang='lat' dir='ltr'>tros).</span> 
     </span>
    </p>
   </div>
   <div class='ocr_carea' id='block_1_7' title="bbox 0 0 1581 5142">
    <p class='ocr_par' dir='ltr' id='par_1_11' title="bbox 0 0 1581 5142">
     <span class='ocr_line' id='line_1_36' title="bbox 0 0 1581 5142; baseline 0 0"><span class='ocrx_word' id='word_1_272' title='bbox 0 0 1581 5142; x_wconf 95' lang='lat' dir='ltr'> </span> 
     </span>
    </p>
   </div>
  </div>
 </body>
</html>
