3070 5158
360 535 430 626 452
698 537 751 606 IN
776 535 1088 606 PHOENISSAS

402 690 466 739 ²¹9·
490 669 629 736 Frugissse.
645 664 774 720 Nonnulli
795 663 871 718 MSS.
891 665 1032 733 fructifera.
1055 695 1094 709 --
1121 663 1202 718 Ceres.
1227 665 1313 719 Puris.
1338 667 1426 732 tore,

365 773 389 804 se
407 771 439 804 ss.

388 771 469 884 gost.
485 828 542 896 Ego
554 828 639 878 laticis.
655 824 765 896 liapbel.
777 836 806 876 et
815 823 886 876 Flur.
898 823 997 878 Christ.
1010 824 1066 877 buc
1080 824 1177 878 mutari
1193 825 1343 887 votebsnt,
1357 827 1429 895 quasi

361 907 610 980 proceleusmaticus
627 905 714 976 prima
734 901 796 956 sede
817 903 923 956 admitti
945 921 999 955 nou
1020 915 1117 972 posset.
1137 901 1211 955 Vide
1229 903 1376 956 Animadv.
1397 904 1429 957 acl

362 991 520 1062 Thyestem,
532 1005 558 1038 v.
572 989 642 1054 289,
659 1001 719 1054 ρος.
733 982 798 1046 344.
815 985 895 1036 Recte
912 995 939 1035 et
954 982 1045 1036 Delsio
1062 981 1095 1034 ed
1113 984 1185 1035 huno
1202 983 1316 1036 locum:
1333 1011 1346 1032 ι
1361 985 1430 1036 Care

363 1071 399 1122 sic
413 1070 441 1122 iu
456 1078 568 1122 metrum
581 1075 719 1136 peccatum
735 1059 826 1114 credas
838 1080 845 1114 ι
857 1079 914 1114 uon
929 1062 1010 1132 surgis
1023 1063 1141 1134 quentin
1154 1059 1265 1115 Medea:
1283 1063 1430 1133 Tiis'pstsis

363 1153 442 1209 cessit,
455 1147 498 1198 tibi
505 1155 589 1216 pater,
596 1145 692 1211 frater,
701 1141 789 1210 purior.
800 1141 949 1212 Utrobique
957 1141 986 1192 iu
996 1144 1083 1212 primo
1092 1140 1154 1194 sede
1166 1141 1433 1212 proceleusmaticus.

365 1229 469 1280 Eouuru
478 1243 544 1294 ergo
555 1224 666 1285 fuctum,
678 1218 751 1290 quod
762 1237 870 1272 menum
884 1221 1057 1273 abstinuerint
1069 1238 1076 1274 :
1091 1221 1186 1273 vellem
1202 1235 1230 1274 et
1245 1221 1375 1286 Floreus,
1385 1223 1431 1292 qui

363 1305 546 1377 languidulum
566 1300 648 1361 illud,
669 1311 714 1352 aut
731 1301 844 1352 taticts.-
865 1299 1015 1352 Gronovius
1030 1317 1091 1352 uutn
1110 1300 1300 1371 liupbelengio
1318 1301 1433 1353 malebst

364 1399 389 1436 et
403 1388 490 1437 inticis.
507 1382 580 1434 Nihil
590 1381 623 1433 'in
636 1379 745 1448 untiqua
761 1378 871 1432 lectione
886 1378 1055 1433 mutandum.

406 1468 471 1516 226.
489 1463 544 1513 Has
562 1465 652 1532 qur'rest
667 1460 731 1510 cius.
754 1458 814 1510 Nic.
835 1457 957 1510 Heinsius
984 1457 1124 1511 lectionem
1145 1459 1297 1512 Florentini
1318 1457 1432 1522 codicis,

364 1547 408 1596 tas
423 1545 511 1615 quirem
527 1559 607 1602 meas,
635 1538 852 1608 elegantissimum
869 1537 1016 1608 judicabat,
1041 1551 1068 1591 et
1083 1535 1216 1591 Bttdeuius
1238 1557 1301 1590 eam
1317 1539 1433 1609 recipere

364 1643 418 1676 nou
432 1619 569 1674 dubitarit.
587 1620 650 1671 Plus
663 1615 797 1688 diguitatis
812 1631 838 1670 et
850 1617 953 1670 roboris
966 1618 1049 1670 inesse
1063 1618 1176 1688 vulgate
1188 1619 1325 1670 existimo.

407 1719 472 1772 ²²7·
490 1701 546 1769 Qun
557 1717 627 1750 voees
637 1709 725 1751 mersit.
733 1696 857 1749 Univerai
871 1694 905 1749 ad
917 1715 1000 1749 uuum
1014 1695 1117 1750 codices
1130 1697 1310 1768 manuscripti
1322 1710 1368 1748 sut
1376 1709 1433 1748 aute

365 1781 534 1836 Gronovium
554 1779 642 1830 excessi
663 1777 869 1848 petieruntque
886 1795 956 1827 nores
977 1788 1064 1827 meent.
1084 1773 1206 1830 G'rouov.
1226 1795 1261 1830 ex
1280 1777 1433 1830 Florentino

367 1861 458 1915 intulit
472 1879 536 1930 qua,
554 1857 628 1929 quotl
642 1858 721 1926 louge
734 1855 830 1908 melius
841 1873 919 1906 nemo
934 1873 988 1908 uon
1003 1858 1125 1909 intratur.

408 1941 472 1994 siu.
487 1939 566 2006 Qasr,
580 1949 629 1990 ete.
645 1936 763 2006 Scaliger
780 1934 894 1988 malebst
912 1939 967 2006 quir
985 1951 1113 2007 quorsum
1128 1953 1184 1987 nou
1199 1936 1339 2007 intelligo,
1354 1953 1434 2007 quum

367 2019 434 2074 nihil
448 2020 482 2070 sit
497 2018 603 2088 vulgata
616 2017 730 2068 lectione
744 2014 860 2067 latinius.
872 2044 912 2058 --
924 2015 1031 2067 Meos-uss
1046 2035 1071 2066 es
1083 2018 1217 2068 criminum.
1235 2016 1270 2068 Iu
1289 2027 1357 2068 vett.
1370 2033 1434 2068 uou-

367 2099 467 2161 nullis,
474 2101 577 2152 seculum
589 2098 713 2147 crisseium
727 2113 765 2146 ea.
776 2095 891 2145 Versum
903 2094 1016 2147 restituit
1031 2095 1138 2164 Lipsius
1151 2112 1231 2146 voces
1248 2092 1418 2148 invertendo.

411 2179 478 2232 233.
495 2178 620 2228 Doumtis.
632 2177 699 2226 Ante
712 2173 879 2226 Gronovium
891 2172 920 2224 in
931 2174 1054 2226 omuibus
1066 2171 1139 2226 editt.
1154 2177 1261 2242 negastis
1273 2173 1435 2234 habebatur,

369 2261 443 2326 cujus
457 2258 484 2308 iu
496 2257 585 2308 locum
599 2273 633 2306 ex
647 2255 759 2305 Etrusco
768 2253 813 2306 ille
825 2253 959 2304 substituit
967 2253 1082 2305 donastis.
1094 2253 1222 2317 Quemvis
1233 2269 1298 2305 curn
1309 2253 1437 2305 recentio-

367 2337 442 2390 ribus
453 2335 651 2388 Grouorianstu
663 2331 804 2384 lectionem
818 2331 1009 2402 receperimus,
1021 2343 1135 2384 attamen
1148 2351 1204 2384 nou
1219 2333 1438 2403 interpretatione

368 2433 457 2468 carere
467 2414 598 2483 vulgetum
608 2411 784 2474 arbitremur,
793 2411 938 2480 prasertim
951 2429 1035 2482 quum
1047 2413 1153 2480 negastis
1161 2423 1188 2463 et
1200 2415 1318 2481 ingerunt
1328 2411 1436 2464 invicem

370 2493 471 2566 opponi
484 2489 632 2544 videantur.
647 2490 747 2541 Omnes
760 2488 794 2540 ad
805 2507 889 2541 uuum
900 2490 977 2542 MSS.
990 2490 1084 2542 Parios.
1097 2495 1211 2559 negastis.

413 2573 478 2635 stt.
496 2565 553 2624 Nais
569 2573 645 2622 mitto.
660 2568 738 2621 Feru.
754 2566 854 2620 ltuard.
872 2566 961 2639 AEgid.
979 2571 1085 2622 Arcens.
1096 2587 1165 2622 ‘cum
1187 2582 1251 2622 octo
1274 2571 1375 2623 Parius.
1396 2589 1438 2620 eos

372 2657 469 2715 ssittor,
480 2659 646 2721 repugnante
658 2659 751 2700 metro.

415 2733 479 2785 235.
504 2731 612 2782 Detineo.
637 2725 776 2782 Tredecint
798 2727 890 2780 Parius.
912 2741 940 2780 et
962 2724 1037 2780 erlitt.
1063 2727 1140 2781 Feru.
1165 2741 1192 2781 et
1213 2727 1321 2782 Isoarsl.
1340 2730 1438 2792 detines,

373 2811 513 2864 manifesto
528 2827 627 2862 errore.

415 2899 477 2955 ²4⁰·
512 2889 632 2941 Lacrima
667 2901 813 2959 mrum.
842 2888 919 2941 Fero.
947 2887 1046 2942 Iroard.
1074 2891 1225 2960 iosrittaoequs
1260 2899 1384 2958 sepserant.
1405 2915 1440 2927 -

371 2972 471 3041 Eripuit
483 2970 549 3021 milri.
562 2967 685 3038 Plerique
697 2967 774 3022 editt.
786 2979 848 3020 vett.
862 2979 890 3020 et
900 2985 991 3020 omues
1002 2968 1077 3021 MSS.
1088 2969 1183 3022 Periss.
1199 2971 1279 3039 eripui
1288 2970 1357 3020 stilti.
1370 2967 1442 3018 Unus

371 3069 404 3102 ex
424 3047 502 3102 codd.
526 3046 701 3109 Commeliui,
721 3045 785 3100 edit.
801 3047 880 3100 Vien.
900 3059 927 3098 et
945 3049 1071 3100 Etruscus
1085 3047 1231 3114 Grouorii,
1246 3051 1354 3119 eripuin
1372 3043 1443 3117 quod

372 3125 592 3201 anteponendum
608 3145 662 3179 nou
678 3127 734 3178 sine
748 3129 807 3196 jure
821 3125 1038 3179 existimaverunt
1052 3127 1221 3180 recentiores.

413 3211 480 3271 ²4⁸·
502 3207 560 3260 Nos
579 3210 708 3277 occuparit.
728 3207 761 3257 ln
779 3211 873 3258 Avant.
890 3205 968 3258 Visu.
985 3206 1090 3260 ¹Fabric.
1109 3225 1155 3260 stes
1170 3209 1306 3277 occuparit.
1322 3205 1445 3275 Plerique

372 3287 448 3341 MSS.
462 3287 580 3358 praebent
591 3304 653 3347 ms,
666 3283 738 3356 quod
751 3285 905 3356 neutiqueua
917 3283 1082 3340 mutandum.

415 3375 480 3436 sip.
495 3367 573 3418 luem.
589 3367 696 3418 Asceus.
708 3368 779 3416 iuter.

416 3447 480 3500 rio.
491 3446 629 3516 Proeorquis
640 3445 701 3511 sati.
717 3444 828 3496 Verisut
846 3446 874 3496 in
892 3445 964 3498 huuc
984 3447 1077 3498 locum
1092 3445 1163 3497 libri.
1181 3445 1233 3497 Alii
1248 3445 1364 3516 (AEgid.
1379 3443 1445 3496 Phil.

373 3527 481 3580 Arcens.
495 3524 598 3577 Fabric.
611 3523 723 3594 Raphel.
737 3525 865 3578 Commel.
879 3525 957 3578 Grut.
979 3524 1068 3578 Heius.
1088 3525 1171 3578 Scrir.
1187 3525 1269 3578 Fero.
1286 3527 1375 3596 Tlsys.
1390 3543 1447 3577 curn

375 3607 456 3658 Puris.
471 3603 548 3672 6395
563 3595 574 3670 )
591 3607 706 3674 pmrocis
720 3602 828 3656 hubent.
849 3603 900 3656 Alii
917 3593 1015 3672 (Fern.
1034 3617 1060 3656 et
1072 3617 1135 3657 octo
1154 3601 1273 3666 Puriss.)
1289 3623 1376 3674 praec
1391 3609 1447 3672 quis.

373 3686 427 3738 Alii
446 3680 557 3746 (Arent.
576 3685 656 3736 Visu.
678 3683 782 3753 Gryph.
802 3683 871 3736 Petr.
889 3697 914 3736 et
928 3682 1010 3736 Paris.
1026 3685 1100 3736 8036
1111 3681 1121 3746 )
1133 3689 1268 3755 proeeoqui.
1283 3685 1341 3736 Alii
1357 3675 1448 3750 (Delr.

374 3764 493 3816 Gronov.
517 3763 575 3833 Bip.
603 3763 681 3815 Both.
704 3759 804 3814 Euticu.
823 3780 884 3814 cum
905 3775 965 3815 octo
987 3752 1264 3836 Perias.)proeeuquis.
1283 3763 1451 3817 Probabilior
1517 3755 1518 3778 ¹

372 3843 451 3895 lectio
464 3841 613 3894 novissimis
625 3840 774 3894 editoribus
785 3841 841 3894 risu
858 3853 911 3904 est,
927 3859 985 3912 que
1009 3841 1142 3894 Delriouis
1160 3843 1288 3913 bloguut.
1312 3843 1450 3913 Herbipol.

373 3925 470 3974 Venet.
484 3933 512 3972 et
525 3920 654 3974 Gronovii
668 3923 784 3975 Floreut.
803 3921 986 3974 confirmetur.

416 3999 480 4053 251.
506 3999 660 4056 Abstrusum.
683 4003 823 4055 Inventum
847 4001 874 4053 itt
897 4002 1018 4070 Mogont.
1044 4021 1092 4056 ruo
1116 4002 1252 4054 obstrusistis
1272 4002 1451 4073 nequicquam

372 4078 492 4134 isuslarit
509 4079 611 4133 Delrio.
