3240 5138
334 454 400 500 sno
619 431 658 496 L.
686 430 864 499 ANNAEI
889 431 1105 501 SENECAE

382 563 529 633 Vulnere
548 561 674 634 relicto.
694 586 797 633 nnnc.
815 566 977 632 Ceteram
998 563 1124 658 prolem
1146 591 1277 653 eruam,
1353 598 1394 650 wa

386 673 578 764 Omnesque
598 668 747 739 latebras.
766 669 855 758 Quid
876 669 1010 738 moror?
1028 672 1133 765 majus
1151 671 1231 740 mihi

387 775 513 846 Bellum
536 779 685 870 Mycenis
703 789 824 864 restat,
841 789 879 844 ut
896 775 1061 871 Cyclopea

375 1003 442 1076 995.
453 1005 549 1057 Prolem
560 1025 655 1069 ereans,
667 1017 717 1058 etc.
728 1005 783 1058 Neo
792 1023 842 1058 css·
884 1003 942 1056 iore
963 1004 1134 1058 existimasset
1145 1005 1167 1058 si
1180 1003 1215 1058 de
1231 1007 1299 1060 urhe
1317 1007 1395 1061 lieret

335 1099 389 1139 tera
398 1085 464 1155 Lyci
473 1072 561 1156 proles
570 1104 619 1138 nec
628 1085 734 1137 latebrae
746 1085 841 1155 quihus
884 1084 994 1138 mentio.
1006 1083 1087 1156 Apud
1100 1084 1259 1156 Euripidem
1271 1085 1394 1156 quidem,

335 1185 365 1218 ea
380 1165 526 1218 occultatur
545 1183 589 1216 me
606 1177 766 1217 scrutantem
784 1164 841 1216 elu·
885 1161 958 1234 qnod
972 1164 1059 1216 forsan
1070 1164 1227 1235 interpretes
1237 1165 1265 1216 in
1276 1185 1393 1218 errorem

336 1242 410 1298 dent.
439 1245 533 1296 Emere
560 1263 638 1295 crines
659 1244 761 1296 latebras
786 1263 842 1296 non
885 1241 1006 1307 induxit,
1020 1254 1096 1315 putat
1105 1242 1210 1296 Alcides
1225 1262 1252 1296 se
1269 1245 1395 1316 Mycenas

335 1323 843 1396 possedicipronuntiatBoth.eteruers
886 1323 1041 1388 transferri3
1067 1320 1112 1375 sed
1142 1323 1225 1376 multa
1257 1323 1286 1377 in
1309 1338 1395 1396 poetar

338 1423 417 1456 omncs
428 1404 524 1456 latebris
534 1402 757 1457 substituendum.
768 1405 842 1456 Atta·
886 1401 972 1455 Greci
986 1403 1136 1456 nmatione
1150 1395 1161 1470 (
1171 1415 1294 1456 narratur
1307 1405 1395 1470 enim,

338 1503 400 1537 men
413 1484 442 1535 iu
458 1484 509 1536 hoc
518 1481 594 1536 Statii
604 1479 773 1554 loco-(Theb.
786 1483 843 1548 111,
886 1500 941 1533 non
954 1481 1038 1534 oculis
1050 1481 1191 1534 exhibetur
1207 1483 1342 1555 multiplex
1353 1485 1396 1536 in·

341 1562 396 1618 ⁵55
407 1554 435 1630 ),
445 1585 455 1606 ι
464 1562 590 1616 Eruimus
602 1581 662 1633 quse
676 1562 762 1633 prima
772 1560 828 1614 dies
836 1600 844 1626 ,
889 1561 1014 1613 sarientis
1029 1557 1119 1622 furor)
1134 1560 1166 1614 ad
1181 1561 1231 1614 hoc
1247 1576 1337 1634 aperte
1351 1582 1396 1616 ex-

237 1683 240 1691 .
339 1643 386 1695 uhi
400 1643 528 1696 terminus
540 1642 601 1706 aevi,
614 1641 688 1706 Quid
699 1643 787 1695 honus
799 1641 844 1693 ille
887 1638 1043 1710 ponendum
1058 1641 1310 1712 conspirant.«Cur
1323 1662 1396 1696 sacra

340 1720 556 1798 ‹leum'geniton
572 1720 638 1792 quid
651 1722 735 1775 ferrea
748 1721 845 1774 Clotho
888 1738 1027 1791 peragam,
1037 1720 1150 1772 refertur
1157 1719 1252 1774 dixisse
1260 1721 1396 1787 Berenice,

340 1802 446 1872 Cogitet
463 1827 496 1858 ι,
521 1800 590 1853 nihil
614 1800 744 1871 siguificat
772 1797 845 1852 aliud
888 1798 1042 1870 priusquam
1058 1799 1237 1871 Eurystheum
1258 1801 1396 1856 interfece-

339 1885 457 1946 sruimus,
481 1899 560 1952 qnam
579 1884 735 1950 inquirimus,
752 1892 845 1932 scruta·
888 1878 961 1930 rins?
979 1880 1045 1932 Date
1059 1897 1168 1944 arcum,
1184 1898 1254 1948 arma
1266 1879 1345 1933 date:
1361 1899 1395 1935 en
1420 1935 1421 1944 ,

338 1980 400 2015 mur.
421 1961 462 2013 Ne
476 1959 625 2014 Schroedcri
642 1959 751 2030 quidem
764 1959 846 2012 inter·
892 1957 962 2010 vado
971 1957 1005 2009 ad
1011 1957 1148 2030 Mycenas,
1159 1959 1293 2012 etc.»Vid.
1304 1951 1395 2030 iipasch

340 2040 489 2110 pretatione
503 2059 570 2110 opus
586 2050 639 2099 est,
656 2038 704 2110 qui
719 2058 795 2090 omnes
807 2039 845 2090 la·
890 2039 993 2106 μαινόμ.
1005 2035 1061 2106 936
1074 2048 1100 2090 et
1111 2056 1183 2109 seqq.
1198 2039 1251 2092 Ista
1263 2041 1292 2091 in
1299 2039 1397 2093 Nostro

341 2119 419 2171 tebras
432 2117 466 2170 de
474 2117 594 2188 Mycenis
605 2119 660 2188 jam
672 2116 727 2170 dici
739 2129 847 2169 conten·
891 2116 987 2168 frustra
995 2115 1129 2185 requiras,
1144 2116 1190 2186 qui
1200 2129 1286 2170 totum
1301 2119 1330 2171 in
1339 2131 1397 2189 pen·

342 2195 398 2262 dit,
418 2209 446 2250 et
468 2217 547 2249 eruere
570 2195 674 2248 latebras
694 2215 750 2248 non
771 2196 847 2248 aliter
891 2193 1026 2264 sequenda
1048 2193 1115 2266 Lyci
1140 2195 1229 2248 sobole
1257 2198 1397 2252 Herculem

338 2276 463 2348 intelligit
478 2295 557 2347 quam
573 2276 682 2339 dinan,
699 2285 799 2327 evertere
813 2274 848 2324 lo·
891 2273 1027 2339 exhihuit,
1042 2273 1094 2326 hoc
1109 2275 1191 2328 ferme
1206 2275 1305 2329 modo:
1321 2278 1396 2330 «Ce-

340 2356 426 2409 tebras.
441 2356 549 2408 Etiamsi
559 2374 639 2407 eruere
647 2355 777 2425 geminam
789 2373 847 2423 pro·
891 2365 974 2406 teram
983 2352 1049 2423 Lyci
1058 2353 1176 2425 prolem,
1185 2355 1295 2420 Alcida,
1306 2357 1398 2428 oppri-

342 2436 453 2488 traltends'
462 2448 488 2489 et
500 2435 619 2487 evertendi
630 2433 847 2504 significationem
892 2449 962 2484 mere
975 2445 1001 2486 et
1014 2434 1125 2486 latebras
1137 2434 1163 2487 in
1180 2435 1278 2506 qnihns
1289 2437 1398 2489 abscon·

343 2515 456 2580 haheat,
483 2514 539 2568 haec‘
564 2526 591 2566 et
618 2513 663 2566 illa
690 2511 848 2584 significatio
891 2514 992 2564 duntur
1003 2523 1128 2566 excutere
1139 2514 1312 2568 festinazillis
1326 2515 1398 2568 cuins

343 2595 662 2659 malesociarentur,nec
672 2590 848 2664 possetscrihi
892 2590 1075 2663 interemptis,
1104 2595 1187 2663 majus
1211 2593 1261 2646 tibi
1290 2595 1400 2648 restabit

339 2693 427 2745 pueros
444 2686 469 2726 et
484 2673 586 2725 latebras
603 2692 699 2734 eruere,
715 2671 732 2724 i.
749 2690 773 2724 e.
785 2689 848 2742 pro·
891 2670 1008 2735 bellum,
1024 2671 1124 2724 scilicet
1134 2685 1165 2724 ut
1176 2670 1395 2746 hlyoensspetss‚

345 2754 450 2807 trahere
460 2771 557 2825 pueros
569 2752 598 2804 in
606 2749 726 2806 medinm
736 2765 763 2804 et
777 2767 849 2802 ever·
892 2761 919 2802 et
933 2749 1151 2822 Cyclopeamanu
1159 2764 1289 2828 exstructa
1301 2753 1396 2825 palatis

345 2845 401 2886 tere
412 2831 537 2890 funditus
549 2832 670 2885 latebras.
683 2829 724 2883 cf.
737 2847 848 2900 sequen·
891 2826 989 2882 diruas.
1001 2831 1058 2900 Age
1066 2830 1159 2901 igitur,
1171 2831 1227 2884 hec
1239 2834 1310 2904 regie
1319 2835 1398 2905 Lyci,

343 2923 397 2965 tem
410 2925 509 2966 notam.
893 2927 945 2979 qua
956 2922 1049 2963 caetera
1061 2911 1149 2981 proles
1163 2913 1220 2982 ejus
1233 2914 1399 2980 occultatur,

386 2998 449 3062 9⁴96.
475 2991 543 3061 Quid
564 2998 660 3043 moror?
681 2992 773 3060 majus,
798 3001 848 3041 etc.
893 2988 946 3042 huc
966 3001 993 3042 et
1012 2989 1075 3041 illuc
1091 3001 1150 3054 cat,
1166 3004 1215 3044 etc.
1232 3017 1243 3038 ι
1263 2992 1331 3046 Cum
1347 2994 1398 3046 hoc

344 3072 470 3142 Plerique
494 3083 551 3124 tum
576 3069 766 3126 adnotatores,
791 3080 850 3120 tum
894 3085 972 3120 seusu
986 3068 1088 3139 optime
1099 3067 1213 3140 quadrat
1227 3089 1293 3124 vers.
1311 3071 1398 3137 1038,

271 3199 272 3202 ,
343 3151 500 3222 interpretes
511 3151 562 3203 hoc
575 3148 778 3220 intelligendum
789 3166 850 3200 cen·
892 3148 977 3216 Argos
989 3151 1098 3200 victimas
1112 3150 1174 3201 olias
1187 3149 1272 3214 dabit,
1287 3151 1399 3222 quidil-

345 3244 456 3284 sneruut
468 3271 476 3296 ‚
492 3230 566 3302 quasi
579 3229 769 3300 imaginaretur
782 3227 849 3279 ller-
892 3226 1010 3280 ficillime
1018 3265 1026 3292 ‚
1040 3229 1122 3280 altero
1133 3228 1242 3300 prelato
1255 3249 1345 3297 sensu,
1356 3232 1398 3284 in·

345 3311 416 3364 cules
435 3329 462 3364 se
481 3309 602 3382 Mycenis
614 3327 686 3372 esse,
701 3305 773 3379 qnod
789 3306 849 3376 qni·
894 3306 1037 3377 telligitur:
1051 3307 1073 3360 si
1086 3307 1157 3360 enim
1169 3307 1295 3362 Hercules
1307 3311 1398 3383 Myce-

344 3387 405 3443 dem
421 3402 483 3461 apte
501 3389 660 3460 fingeretur,
675 3397 801 3458 regnante
821 3385 849 3439 in
893 3385 934 3437 nis
945 3386 1046 3456 prolem
1059 3387 1201 3457 Eurysthei
1214 3388 1322 3454 cecidit,
1334 3409 1399 3462 quas

343 3469 393 3521 hac
405 3470 472 3521 urhe
484 3468 643 3541 Eurystheo.
658 3469 693 3520 At
705 3483 850 3538 repugnare
893 3465 933 3516 illi
948 3465 1068 3519 victimas
1076 3469 1161 3537 Argos
1171 3465 1266 3521 datura
1278 3470 1329 3535 sit,
1342 3489 1399 3522 non

345 3548 412 3600 mihi
424 3547 529 3602 videtur
540 3549 681 3600 verborum
693 3545 850 3618 compositio
896 3544 1066 3615 percipimus.

346 3639 373 3680 et
392 3625 499 3680 dicendi
517 3628 611 3680 forma.
627 3625 851 3697 Postqnsmiler·
934 3624 1144 3696 997.·Cyclopee.
1159 3627 1231 3691 Quis
1245 3627 1341 3680 moenia
1354 3647 1401 3680 ex·

346 3707 417 3759 cules
429 3706 495 3778 Lyci
505 3707 607 3777 prolem
617 3725 644 3760 se
659 3706 851 3759 exstincturum
894 3715 993 3756 structa
1006 3705 1111 3758 inerant
1124 3724 1138 3756 a
1154 3705 1317 3778 Cyclopihus
1336 3707 1401 3778 ipsis

345 3784 529 3850 denuntiavit,
543 3785 564 3838 si
579 3785 665 3838 subita
680 3783 851 3838 lurorislihi·
895 3773 1038 3853 (Euripid.
1061 3783 1147 3855 lphig.
1167 3785 1194 3837 in
1216 3787 1297 3840 Taur.
1320 3789 1400 3850 844ς
1460 3846 1464 3852 ,

345 3863 408 3918 dine
423 3865 732 3936 correptusseMycenis
746 3881 853 3916 essean-
894 3862 991 3916 Troad.
1013 3864 1097 3928 108&
1119 3865 1197 3917 llere.
1224 3866 1275 3917 sur.
1302 3873 1358 3934 944
1374 3879 1402 3919 et

344 3946 500 4006 humetur,
516 3945 597 3996 Poeta
608 3946 772 4015 repentinam
783 3943 851 3996 hanc
896 3944 963 4011 998.
988 3940 1051 3995 Stat.
1074 3944 1161 3996 Theb.
1178 3945 1208 4009 1,
1224 3945 1289 3998 251.
1310 3945 1401 3999 Nostri

345 4024 427 4078 animi
447 4023 645 4078 conversionem
661 4024 758 4077 certius
776 4035 802 4075 et
816 4023 851 4074 si·
894 4022 1004 4092 Thyest.
1018 4027 1070 4084 406
1082 4019 1101 4085 ).
1116 4021 1249 4077 Caeterum
1259 4043 1402 4078 consueve-

342 4103 508 4176 guiflcantins
528 4100 709 4168 indicavisset,
728 4121 776 4156 nec
790 4101 850 4156 setis
895 4116 954 4154 rent
967 4103 1073 4156 Veteres
1089 4104 1236 4173 Cyclopum
1251 4104 1359 4176 opificio
1371 4124 1402 4161 es
