3210 5140
441 483 945 581 surnlnvnustoivns.
1154 507 1226 605 169

163 641 274 714 Rsphel.
284 639 363 694 Grut.
374 637 466 693 Heius.
479 640 564 694 Seriv.
576 639 656 693 Farn.
668 639 752 710 Tbys.
764 651 791 693 et
802 639 922 692 Gronov.
935 634 1047 703 (1661),
1062 641 1148 692 circum
1159 661 1170 693 .·
1181 639 1226 694 sed

163 721 253 774 iubae
269 720 327 790 ipsa
342 716 460 772 editione
475 718 628 772 Gronovius
643 737 649 773 :
669 719 766 772 «Liber
780 719 898 790 optimus
912 731 939 772 et
952 718 996 771 alii
1007 723 1092 781 011101
1100 719 1173 790 quod
1188 722 1226 774 vi·

164 799 261 853 dentur
275 811 390 851 mutasse
401 811 431 851 ut
444 799 576 852 variarent
589 817 692 853 sonum.
705 824 717 845 ι
1069 795 1075 818 ⁸

206 880 272 933 156.
286 877 394 950 Spectat.
412 879 528 932 Malebst
543 879 662 931 Gronov.
676 889 757 948 sperat
771 895 781 929 .·
796 875 843 930 sed
856 895 912 930 non
925 877 1083 948 conjecturis
1096 895 1164 949 opus
1178 892 1226 932 est.

206 963 271 1013 161.
288 958 348 1029 Spes
367 970 392 1010 et
409 963 433 1010 iu
451 961 527 1028 apris.
542 958 649 1029 Lipsius
665 958 694 1010 in
711 957 834 1013 Melissea
851 955 942 1011 codice
952 955 1097 1025 ssinvenerat
1113 977 1164 1028 spes
1174 961 1228 1028 jans

165 1041 273 1109 napis,
288 1037 387 1090 omisso
403 1055 482 1090 versu
502 1037 605 1090 Turbine
621 1057 708 1107 magua
720 1055 773 1108 spes
786 1037 913 1099 sollicitas,-
925 1055 1006 1108 quem
1022 1048 1110 1090 tumen
1123 1055 1227 1092 servare
1310 1031 1314 1042 ¹

165 1117 289 1188 cupiens,
304 1118 376 1170 banc
390 1115 442 1171 loci
458 1109 659 1188 dispositioneni
676 1113 772 1189 probet
787 1135 794 1169 ε
811 1135 914 1188 s...spes
924 1119 979 1186 jam
992 1117 1094 1188 magnis
1108 1117 1228 1170 Urbibus

166 1208 254 1249 errant
266 1193 416 1268 trepidique
429 1210 530 1263 metas,
545 1197 665 1250 Turbine
677 1213 773 1268 magno
786 1213 846 1267 spes
857 1196 976 1249 sollicite
986 1221 997 1242 ι
1009 1214 1017 1261 ;
1030 1194 1157 1267 additque
1172 1215 1227 1250 non

166 1274 323 1330 indecorum
336 1277 386 1328 sibi
401 1275 484 1329 videri
498 1275 544 1329 teli
558 1274 640 1329 modo
652 1277 797 1347 repetitum
810 1295 870 1346 spes.
885 1276 949 1328 Post
960 1294 1037 1341 eum,
1050 1275 1181 1329 Gruterus
1191 1277 1229 1330 sic

166 1356 253 1410 locum
264 1373 297 1408 ex
308 1373 363 1408 000
372 1355 432 1408 MS.
443 1354 617 1428 disponebats
631 1355 1230 1427 ι...1.100101100111.11001000000018111011

166 1435 226 1488 vitu
238 1435 380 1506 tranquilla
391 1435 468 1506 quies
479 1436 512 1488 Et
526 1437 584 1488 leta
597 1453 646 1488 suo
659 1453 797 1507 parvoque
808 1434 914 1488 domus.
931 1434 996 1506 Spes
1007 1435 1036 1486 in
1048 1437 1159 1506 magnis,
1170 1429 1230 1506 sp'es

167 1514 284 1568 sollicitis
299 1513 419 1574 Urbibus
432 1527 540 1579 errant,
556 1512 706 1585 trepidique
723 1527 817 1568 metus.
831 1541 842 1562 ι
863 1512 916 1567 Sed
928 1514 1080 1568 Gronovius
1094 1515 1189 1568 merito
1204 1528 1231 1569 et

167 1593 249 1664 Lipsii
262 1605 288 1648 et
301 1594 409 1647 Gruteri
429 1595 571 1648 lectionem
589 1607 693 1648 amovet
710 1613 717 1647 :
734 1594 833 1664 Lipsii,
849 1595 910 1666 qnia
928 1614 980 1665 spes
997 1594 1065 1648 male
1079 1595 1228 1665 repetitur,

167 1673 253 1744 posito
267 1673 398 1746 trepidique
411 1685 485 1726 metus
496 1674 566 1726 inter
580 1687 724 1746 utrumqne
737 1695 805 1745 11111,-
822 1692 882 1727 nam
897 1674 1026 1727 sermonis
1038 1674 1173 1745 integritas
1186 1693 1228 1727 re·

168 1752 256 1824 quirat
268 1753 380 1806 saltem:
397 1753 481 1824 uspes
498 1758 552 1824 jam
571 1755 672 1824 magnis
688 1754 799 1808 urbibus
814 1765 919 1817 0111111,
938 1753 1045 1806 turbine
1060 1771 1157 1826 magno
1172 1772 1232 1826 spes

168 1832 303 1894 sollicita,
316 1830 466 1904 trepidique
480 1845 566 1887 metus
578 1851 609 1899 ·;
623 1831 691 1886 adde
706 1831 779 1906 quod
793 1837 925 1904 crepuisset
939 1852 1027 1902 magno
1037 1828 1146 1905 'illepide
1156 1833 1229 1905 adja-

168 1925 243 1964 ceant
261 1929 268 1964 1
289 1912 416 1986 Gruteri,
431 1912 510 1985 quia,
528 1913 629 1966 etiarnsi
649 1912 734 1966 codex
751 1931 821 1966 unus
838 1912 937 1966 ceteris
955 1913 1112 1984 prevaleat,
1129 1914 1231 1984 primus

169 2009 257 2044 versus
271 2009 328 2044 nou
342 1992 420 2063 justis
432 1993 549 2046 numeris
562 1993 724 2057 absolvitur;
737 2011 798 2045 narn
814 1993 842 2045 in
854 1995 942 2063 piscem
959 1992 1051 2045 ultima
1067 1991 1167 2063 syllaba
1183 1992 1230 2045 eli-

170 2071 241 2124 sione
261 2071 425 2124 absorbetur.
446 2071 560 2144 Propter
576 2071 633 2125 hac
653 2073 804 2127 Gronovius
822 2069 998 2124 omittendum
1017 2085 1105 2124 censet
1124 2091 1231 2124 versum

174 2150 276 2203 Turbine
290 2169 386 2220 magno,
401 2163 466 2213 etc,
483 2152 529 2223 qui
544 2152 573 2204 in
588 2151 705 2206 Floreat.
722 2151 825 2217 deficit,
841 2151 932 2222 sicque
946 2151 1037 2204 locum
1052 2150 1176 2224 dispungi
1189 2155 1231 2221 ju·

170 2229 212 2282 bet
231 2248 239 2282 ε
264 2256 276 2277 ι
294 2230 434 2301 Parvoque
452 2229 555 2284 domus.
578 2231 646 2302 Spes
663 2232 691 2284 in
712 2233 813 2303 magnis
832 2231 953 2284 Urbibus
972 2244 1060 2284 errant
1082 2230 1233 2304 trepidique

171 2322 261 2362 metus.
274 2310 324 2363 Ille
336 2310 464 2381 superbos
475 2337 486 2358 a
497 2350 506 2376 ,
517 2324 568 2364 etc.
581 2309 679 2364 Bsden.
694 2311 722 2364 in
736 2311 848 2384 Specim.
864 2307 964 2380 (1798)
978 2311 1087 2381 conjicit
1099 2312 1234 2381 scripsisse

170 2402 272 2460 paetum
289 2406 296 2441 :
316 2389 395 2442 «llaec
411 2391 533 2444 1011001111
550 2391 648 2461 quibus
664 2404 703 2444 est
716 2391 776 2445 vitae
787 2391 944 2461 ⁴'l'ranquills
961 2391 1051 2462 quies,
1070 2403 1097 2444 et
1112 2392 1170 2443 luta
1184 2409 1233 2443 suo

170 2469 309 2540 Pervoque
322 2467 417 2522 dosnns
430 2470 504 2542 queis
517 2471 545 2522 in
560 2471 653 2540 agriu-
664 2469 705 2524 ld.
720 2471 749 2524 in
762 2470 826 2524 edit.
841 2465 950 2532 (1811),
961 2489 993 2523 01
1007 2472 1158 2542 conjectura
1173 2471 1230 2524 Nic.

172 2548 288 2612 lleinsii,
305 2569 342 2601 res
360 2560 384 2600 et
403 2554 427 2600 in
443 2555 509 2620 agris
524 2550 669 2622 anteponit.
684 2551 761 2606 Both.
780 2548 891 2622 quidem
908 2547 965 2602 edit
983 2551 1011 2602 iu
1029 2561 1103 2603 textu
1121 2569 1169 2603 sno
1182 2571 1235 2620 spes

170 2639 193 2678 et
208 2632 235 2679 ia
248 2631 333 2698 agris,
349 2627 395 2682 sed
413 2629 441 2681 in
459 2629 530 2683 notis
541 2649 584 2700 pes
599 2643 623 2681 et
636 2634 662 2682 in
677 2635 743 2701 apris
757 2628 893 2702 proponit.
912 2629 1007 2682 Oritur
1025 2642 1079 2682 tam
1095 2630 1234 2701 multiplex

170 2706 315 2761 lectionum
332 2707 443 2761 varietas
457 2728 492 2762 ex
507 2727 540 2763 eo
556 2722 673 2774 11111010,
687 2708 762 2781 quod
779 2710 902 2762 iteratum
915 2727 967 2778 apes
982 2707 1182 2764 adnotatoribns
1200 2711 1234 2762 ita

171 2783 353 2858 displicuerit,
369 2800 398 2840 ut
414 2788 503 2842 locum
516 2808 566 2860 pro
580 2787 724 2861 depravato
740 2789 891 2842 habuerint.
904 2790 961 2842 Nos
975 2801 1063 2842 autern
1077 2807 1126 2842 nec
1139 2789 1234 2841 vitium
1317 2829 1318 2832 ,

172 2865 253 2920 inesse
268 2885 321 2920 nec
335 2867 501 2922 invenustam
513 2868 586 2921 vocis
598 2889 651 2940 spes
665 2869 849 2940 repetitionem
861 2881 986 2939 putamus
999 2885 1006 2922 ε
1019 2887 1078 2940 spes
1092 2869 1162 2920 00110
1177 2887 1235 2920 1110-

172 2941 250 2999 deste
268 2959 295 2999 et
312 2945 434 3017 placide,
449 2965 510 3020 qnae
528 2949 556 3000 in
572 2949 750 3020 percipiendis
767 2967 891 3020 agrorum
909 2948 1040 3001 fructibus
1054 2965 1184 3020 reponas,
1202 2947 1236 3000 iis

172 3039 361 3096 comparantur
378 3044 437 3097 quse
450 3027 569 3081 solliciter
587 3041 614 3080 et
627 3025 737 3097 trepide
755 3046 787 3080 ex
802 3029 870 3081 mala
884 3027 1028 3080 ambitione
1043 3039 1070 3080 et
1084 3027 1152 3079 lame
1166 3026 1235 3078 divi-

174 3103 268 3158 tiarum
286 3117 432 3158 nascuntur
449 3124 456 3158 :
478 3105 547 3159 -Ha
560 3119 622 3160 1001
638 3125 730 3160 eorum
744 3107 906 3178 voluptates,
921 3108 986 3178 qui,
999 3125 1082 3177 parvo
1097 3106 1235 3170 contenti,

172 3201 229 3254 spes
241 3203 297 3238 non
311 3185 381 3238 nltra
391 3203 453 3238 suos
466 3203 542 3256 agros
555 3185 710 3240 extendunt.
725 3186 791 3258 Spes
804 3199 892 3240 autem
906 3187 985 3256 longe
1000 3184 1108 3238 diversas
1121 3185 1149 3237 in
1164 3185 1236 3237 urbi-

172 3263 220 3318 bus
237 3281 294 3318 0110
310 3263 411 3329 solent,
428 3264 474 3316 ubi
489 3267 614 3336 superbos
628 3264 715 3319 aditus
727 3283 819 3336 regum
831 3277 925 3330 ι,010.
941 3265 1053 3318 Retineo
1068 3265 1149 3336 igitur
1163 3277 1236 3318 vete·

172 3361 228 3396 reru
247 3342 404 3407 lectionem,
423 3361 500 3397 seusu
519 3345 663 3415 optimam,
680 3357 707 3398 01
725 3355 783 3397 tuna
802 3343 878 3398 Mss.
900 3343 982 3397 Puris.
1006 3344 1096 3409 8036,
1119 3345 1191 3415 8037
1211 3357 1238 3397 et

175 3422 263 3488 8055,
277 3436 336 3476 tarn
351 3422 425 3476 editt.
438 3419 546 3478 decens.
559 3425 665 3497 Gryph.
679 3424 791 3496 Rapbel.
804 3424 886 3476 Scriv.
901 3424 1009 3495 Bipont.
1023 3437 1049 3476 et
1061 3423 1144 3495 ipsius
1157 3425 1236 3477 Both.

174 3502 221 3572 qui
230 3502 303 3556 illam
314 3515 418 3556 matare
429 3521 483 3555 non
499 3521 577 3562 ausus
591 3516 645 3570 est,
658 3505 813 3558 auctoritate
825 3503 965 3556 firmatam.
977 3504 1093 3558 Possunt
1105 3503 1148 3556 his
1158 3502 1237 3573 adjici

174 3579 248 3634 editt.
256 3583 334 3634 Fern.
348 3580 448 3635 lsoard.
461 3582 549 3654 AEgid.
564 3583 712 3655 Philologi,
724 3584 752 3635 in
765 3584 876 3654 quibus,
891 3583 1001 3636 0101111
1013 3583 1089 3638 MSS.
1103 3585 1189 3648 8161,
1202 3584 1239 3636 le·

173 3660 243 3730 gitur
253 3681 305 3732 spes
318 3665 428 3731 irruptis,
441 3681 546 3716 necnon
558 3663 679 3734 Mogont.
690 3677 717 3716 et
728 3662 803 3717 MSS.
820 3663 903 3716 nostri
919 3665 1011 3732 8019,
1024 3663 1113 3727 8030,
1126 3662 1201 3726 8031
1212 3677 1239 3716 01

175 3738 249 3794 8035
259 3779 267 3805 ,
278 3742 307 3794 111
320 3741 417 3812 quibus
427 3745 482 3812 jara
495 3763 548 3814 spes
561 3747 586 3795 irs
598 3748 675 3814 apris,
696 3742 833 3798 manifesta
849 3743 928 3796 metri
949 3741 1138 3814 corruptione,
1149 3741 1197 3796 sed
1210 3744 1238 3796 in

173 3837 223 3889 qua
237 3839 299 3875 vera
315 3834 405 3874 tamen
418 3822 498 3876 lectio
513 3822 642 3878 suboleat.

215 3901 280 3954 163.
309 3901 461 3972 Trepidique.
484 3903 576 3957 Refert
595 3903 687 3956 Delrio
707 3903 736 3956 in
756 3900 913 3974 quibusdam
935 3900 1069 3955 veteribus
1090 3901 1166 3956 libris
1188 3903 1241 3974 legi

173 3980 306 4051 timidique.

215 4061 279 4112 166.
296 4059 356 4114 Hic.
372 4060 451 4114 Fern.
466 4059 552 4133 AEgid
568 4061 665 4118 Philol.
678 4075 705 4116 et
718 4060 839 4136 plerique
854 4060 1045 4126 1111111111,
1062 4073 1093 4113 01
1109 4073 1136 4114 01
1149 4079 1242 4114 omnes

172 4139 348 4201 Commeliui,
363 4159 410 4201 uc;
425 4139 497 4210 qnod
512 4142 592 4195 totins
604 4142 656 4195 loci
669 4141 842 4214 dispositione
855 4140 990 4213 respuitur
1003 4158 1010 4193 :
1025 4139 1096 4193 aliud
1112 4141 1185 4194 011101
1201 4153 1238 4192 011

173 4217 253 4270 edures
268 4237 351 4288 repara
363 4220 454 4281 coiere,
472 4220 545 4275 aliud
561 4241 615 4293 opes
630 4241 763 4294 conpetere.
778 4222 846 4276 Note
858 4221 968 4292 insuper
980 4221 1021 4272 'ille
1036 4232 1063 4273 et
1078 4220 1116 4270 lu'c
1130 4219 1199 4272 inter
1214 4237 1242 4272 10
