3090 5142
382 567 449 662 xcij
648 569 890 639 HISTORICA
917 572 972 637 ET
997 573 1178 642 CRlTlCA

382 689 568 754 cstAchillis
580 711 598 752 e
612 690 741 754 tumulo
754 692 970 780 exsurgentis,
979 695 1448 784 commemoranteTalthybio;

381 795 484 883 qualis
499 812 548 859 cst
564 797 762 882 Astyanactis
779 797 892 859 eturri
909 796 1048 862 demissi.
1061 801 1136 863 Non
1149 801 1225 864 satis
1241 801 1340 865 habet
1350 819 1447 890 poeta

381 902 518 964 affusam
539 901 640 987 plebis
658 900 787 964 turbam
804 902 993 989 generaliter
1006 905 1144 986 referre3
1163 923 1279 970 cuncta
1292 906 1448 995 depingat

379 1023 525 1094 oportet,
540 1007 591 1070 vel
608 1007 841 1071 minutissima:

820 1151 868 1206 llis
881 1154 956 1208 collis
969 1157 1061 1226 procul

520 1241 609 1294 Aciem
625 1241 724 1313 patenti
739 1241 850 1294 liberam
863 1243 962 1314 prabet
976 1243 1048 1307 locet

522 1331 568 1384 llis
581 1330 633 1384 alta
648 1349 745 1402 mpes,
755 1331 831 1404 cujus
842 1349 857 1384 e
870 1332 1008 1386 cacumine

522 1418 612 1470 Erecta
625 1436 742 1471 summos
756 1417 833 1470 turba
845 1417 954 1477 libravit
967 1419 1057 1490 pedes.

522 1505 600 1558 Hunc
614 1506 705 1577 pinus,
719 1505 793 1556 illum
809 1505 911 1568 laurus,
925 1507 998 1560 bunc
1012 1507 1086 1580 fagus
1099 1507 1178 1579 gerit,

521 1595 554 1646 Et
568 1605 619 1646 tota
634 1593 733 1668 populo
745 1591 807 1644 silva
822 1609 949 1665 suspenso
964 1596 1061 1648 tremit.

383 1732 488 1817 Atque
514 1731 605 1793 bunc
629 1731 698 1792 fore
721 1703 832 1793 otiosae
855 1729 1062 1818 descriptioni
1083 1731 1179 1797 finem
1199 1733 1316 1798 frustra
1339 1759 1448 1824 spera·

383 1835 486 1897 veris:
504 1833 608 1921 pergit
625 1848 733 1919 poeta,
751 1833 858 1896 omnis
875 1833 963 1896 modi
979 1835 1166 1922 impatiens:
1203 1881 1208 1891 ·

524 1979 642 2030 Extrema
655 1977 750 2030 montis
761 1977 806 2029 ille
820 1977 947 2050 praerupti
960 1979 1043 2049 petit,

524 2067 658 2120 Semiusta
671 2076 696 2117 at
710 2065 754 2118 ille
767 2077 855 2129 tecta,
875 2067 914 2118 vel
929 2085 1023 2120 saxum
1038 2065 1176 2122 imminens

525 2153 595 2204 Muri
608 2151 726 2206 cadentis
738 2153 851 2224 pressit:
870 2165 950 2224 atque
964 2153 1059 2225 aliquis
1073 2155 1166 2222 (nefas)

474 2303 477 2310 Ι
526 2241 644 2293 Tumulo
657 2241 729 2293 serus
743 2253 873 2313 spectator
887 2239 1016 2296 Hectoreo
1030 2241 1114 2295 sedet.

385 2385 432 2446 lta
451 2383 483 2444 in
501 2381 561 2444 bac
581 2377 727 2469 tragoedia
749 2376 940 2468 plerumque
960 2375 1162 2446 describitur.

437 2496 543 2560 Possit
561 2494 694 2581 quidem
717 2491 898 2558 dramaticae
918 2496 993 2560 artis
1014 2497 1245 2560 scientissimus
1264 2513 1358 2584 pocta
1377 2500 1450 2562 lon·

387 2605 459 2693 gius
478 2599 641 2665 interdum
667 2599 700 2662 in
727 2598 940 2664 describendo
956 2601 1149 2690 procedere,
1168 2605 1310 2689 quodam
1326 2604 1451 2693 ingenii

387 2711 511 2796 impem
545 2707 716 2794 abreptus,
742 2723 775 2769 et
801 2727 997 2793 supervacua
1031 2706 1227 2796 quandoque
1262 2727 1453 2774 ornamenta

389 2811 627 2878 narrationibus
644 2808 782 2891 addere3
807 2833 1011 2897 quanquam,
1034 2814 1090 2900 qui
1112 2812 1284 2877 dramatica
1301 2815 1454 2879 facultate

388 2935 504 3010 preter
519 2917 597 2980 alios
614 2915 791 2996 excellunt,
809 2916 873 2980 hoc
888 2916 956 2979 vitii
970 2939 1086 3006 genere
1101 2940 1208 2982 carere
1219 2917 1340 3002 solent,
1354 2919 1453 2984 dum·

390 3024 489 3089 modo
509 3023 610 3087 libere
636 3037 669 3085 et
691 3023 833 3110 ingenue
855 3021 1014 3104 scribant,
1031 3045 1138 3110 neque
1154 3023 1263 3088 alienis
1281 3025 1456 3089 trahantur

387 3129 551 3220 exemplis.
567 3130 613 3193 At
622 3143 716 3214 poeta
727 3175 736 3208 ,
748 3127 806 3215 qui
819 3149 946 3216 semper
957 3128 1017 3192 hac
1030 3128 1191 3192 scribendi
1205 3145 1295 3218 parte
1306 3130 1455 3212 oberrat,

390 3238 446 3328 qui
457 3238 521 3301 hoc
534 3249 619 3300 amat
632 3247 664 3297 et
675 3232 734 3296 sibi
747 3233 936 3321 gratulatur,
950 3231 1130 3298 dramatico
1144 3233 1308 3298 industria
1317 3237 1455 3324 gloriam

390 3347 508 3408 frustra
521 3341 661 3406 affectet.
680 3336 837 3420 Quaedam
862 3355 940 3403 sunt
960 3360 1095 3427 poeseos
1116 3361 1250 3428 genera,
1273 3341 1308 3404 in
1332 3343 1456 3429 quibus

388 3531 542 3581 exacturus,
566 3518 593 3569 in
616 3533 693 3568 scena
713 3533 775 3570 cum
791 3515 895 3570 Theseo
912 3516 1031 3569 consistit
1049 3517 1223 3591 Amphitryo,
1250 3539 1304 3592 quo
1329 3535 1458 3592 rogante,

389 3625 479 3663 coram
493 3605 551 3676 ipso
566 3603 704 3674 etreliqua
718 3603 838 3656 llerculis
854 3603 967 3667 familis,
984 3602 1064 3674 longa
1081 3617 1107 3658 et
1125 3605 1257 3660 horrenda
1270 3607 1380 3679 quidem
1394 3629 1460 3681 prn-

389 3695 498 3766 ponitur
516 3690 661 3744 inferorum
685 3687 834 3761 descriptio.
854 3689 914 3744 Non
934 3690 1021 3744 solnm
1043 3690 1077 3744 de
1099 3689 1188 3746 futuro
1205 3695 1325 3765 petendo
1348 3697 1460 3752 ultionis

388 3783 461 3836 exitu
472 3779 581 3832 minime
593 3777 719 3831 sollicitus
729 3776 845 3844 ridetur,
858 3778 931 3851 quod
944 3779 1032 3832 forsan
1043 3779 1079 3830 ita
1092 3781 1175 3850 possis
1186 3783 1369 3856 interpretari,
1381 3789 1462 3858 quasi

388 3871 493 3922 invictas
502 3865 599 3919 Alcidis
613 3866 702 3918 virtuti
715 3865 847 3927 confidat,
858 3863 904 3918 sed
924 3885 958 3918 ne
977 3886 1007 3919 ea
1029 3865 1138 3937 quidem
1155 3888 1215 3941 quae
1229 3883 1289 3923 ante
1306 3883 1366 3924 acta
1384 3889 1462 3940 sunt,

389 3954 520 4010 meminit.
531 3951 637 4005 Gaudio
651 3965 738 4012 certe,
752 3953 869 4025 pietate,
890 3951 1083 4016 admiratione,
1098 3973 1184 4026 quum
1206 3969 1275 4010 tants
1295 3971 1320 4011 et
1341 3971 1395 4012 tarn
1417 3980 1464 4012 re·

386 4043 493 4116 pentina
506 4058 597 4093 rerum
615 4040 685 4092 lacta
704 4040 739 4093 sit
752 4040 939 4108 commutatio,
959 4058 1013 4094 non
1029 4053 1118 4094 autem
1137 4061 1207 4097 vano
1224 4043 1352 4099 audiendi
1367 4047 1464 4100 ‘erudio

385 4132 485 4188 nrovcri
495 4129 574 4184 debet
582 4127 705 4184 Herculis
718 4129 829 4182 familie.
