3240 5138
373 460 422 530 90
658 443 696 508 L.
725 440 903 510 suunt
931 437 1146 508 sunnon

423 568 524 658 Quod
539 571 676 665 quisque
691 571 785 660 fecit,
803 573 926 668 patitur
944 596 951 640 :
971 584 1140 640 auctorem
1159 566 1265 638 scelus
1393 605 1432 656 ‚aa

423 676 579 770 Repetit,
596 701 720 772 suoque
736 680 897 773 premitur
914 674 1065 770 exemplo
1083 699 1216 744 nocens.

422 781 502 872 Vidi
523 797 677 852 cruentos
696 808 828 854 carcere
848 780 970 852 includi
992 780 1110 868 duces,

422 889 466 957 Et
487 888 676 981 impotentis
697 904 789 984 terga
806 887 936 983 plebeia
955 910 1056 955 manu

369 1073 479 1147 quidem
490 1076 557 1130 tanti
567 1091 606 1132 est
617 1077 773 1151 disquirere.
787 1082 827 1133 De
840 1080 879 1132 in·
921 1089 988 1132 orat.
1015 1075 1133 1148 Philippi
1158 1089 1250 1130 oontra
1279 1073 1427 1146 lepidum:

370 1157 488 1208 ferorum
502 1155 621 1226 judicum
631 1159 720 1222 fabula
733 1160 814 1215 nullae
824 1172 879 1212 tam
994 1157 1103 1227 Denrpm
1115 1173 1192 1225 prusa
1205 1159 1299 1226 incepta
1310 1157 1429 1208 consubu-

369 1247 481 1306 reoeptae
491 1236 631 1306 opiniones
645 1238 725 1292 fuisse
735 1237 878 1304 videntur,
921 1236 986 1289 ribus
996 1255 1067 1288 noroe
1075 1254 1132 1287 esre.
1143 1235 1252 1305 Thyest.
1265 1234 1318 1288 311
1331 1253 1339 1288 t
1354 1262 1366 1284 ι
1380 1236 1432 1288 Se·

370 1314 474 1368 utinen
485 1315 633 1387 omniapro
642 1318 784 1389 compertis
792 1329 878 1389 poetro
921 1333 955 1386 pe
968 1317 997 1369 iu
1012 1314 1165 1385 magistrum
1179 1314 1278 1368 scelera
1292 1313 1431 1368 redieruut

369 1392 484 1447 retinere
501 1395 584 1448 eoacti
602 1397 711 1449 fuerint.
729 1398 805 1468 Virg.
822 1397 880 1468 qui·
921 1412 976 1449 aua.
987 1421 998 1442 ι
1013 1391 1113 1463 OEdip.
1129 1396 1203 1462 706:
1222 1419 1233 1440 ι
1246 1393 1334 1448 Metus
1345 1394 1373 1445 in
1384 1412 1429 1446 au·

368 1470 446 1538 dem,
461 1473 557 1526 omisso
568 1478 667 1536 AEam,
682 1475 800 1528 Minoem
813 1495 879 1547 quse·
922 1483 1023 1526 ctorem
1034 1471 1116 1526 redit.
1131 1499 1142 1520 ι

369 1549 478 1604 sitorem
499 1553 590 1606 statuit
607 1555 635 1606 in
655 1553 714 1624 ipso
730 1555 878 1608 inieromm
962 1552 1027 1623 737.
1044 1551 1167 1610 cruentos.
1184 1550 1284 1615 Suevos,
1296 1548 1429 1626 adpoenas

370 1627 460 1696 aditu,
473 1629 704 1697 AEneid.V1.43a
717 1655 724 1698 ς
736 1635 879 1688 Tartarum
922 1630 1060 1702 exigendas
1080 1642 1218 1702 promptos
1240 1627 1430 1700 inJ'iciendaque

369 1709 753 1766 autemlibadamanthosedem
759 1713 879 1782 assignat,
922 1711 1027 1764 vincula
1043 1728 1049 1762 :
1064 1711 1102 1763 sie
1117 1709 1188 1762 enim
1199 1707 1430 1780 interpretandum

368 1786 434 1841 ibid.
459 1787 524 1843 566.
547 1790 648 1844 Contra
666 1790 806 1844 Claudian.
827 1787 877 1854 (in
922 1802 976 1855 eat,
993 1802 1022 1842 ut
1034 1787 1209 1860 procedentia
1221 1787 1428 1851 confirmentur,

365 1867 457 1922 nunu.
478 1869 522 1934 ΙΙ,
546 1867 631 1933 480),
645 1870 878 1924 Rhadamanthum
921 1888 1019 1940 nempe
1035 1888 1082 1922 suo
1097 1867 1183 1938 premi
1195 1867 1316 1937 exemplo
1332 1885 1429 1920 noeen-

366 1947 877 2015 juxtaMinoeminducit.Stat.(Theb.
921 1959 968 2000 tes.
994 1978 1035 1990 -
1058 1947 1157 2002 Confer
1182 1965 1240 2018 quar
1264 1946 1371 1999 Fdrre'lon
1395 1945 1429 2000 ad

368 2024 524 2096 V111‚27)
545 2027 593 2080 hos
613 2028 690 2099 fingit
711 2049 767 2082 uno
786 2030 877 2100 prasi·
921 2027 1013 2081 Nostri
1039 2027 1215 2080 imitationem
1239 2015 1365 2096 scripsit}
1381 2025 1428 2078 lib.

368 2103 715 2178 dereiooo.Propert.(1V‚
731 2105 876 2177 ra‚v.19),
921 2106 1016 2160 xvtlt
1027 2123 1034 2159 :
1046 2101 1090 2160 Aa
1101 2106 1147 2158 ten
1157 2125 1215 2178 que,
1227 2125 1270 2158 tur
1280 2105 1305 2156 io
1315 2116 1389 2165 terre,
1400 2105 1430 2156 ib

367 2182 403 2236 de
424 2187 522 2251 AEneo,
545 2198 670 2257 tanquam
687 2186 722 2241 de
740 2188 877 2260 praecipuo
920 2205 945 2237 se
957 2187 1069 2256 jouaient
1085 2185 1116 2238 de
1136 2184 1162 2238 ta
1180 2187 1220 2236 ure
1236 2183 1278 2234 des
1291 2184 1392 2236 'somnes
1406 2195 1430 2238 et

365 2261 472 2334 judice,
493 2263 628 2335 loquitur,
647 2280 674 2319 et
693 2285 754 2320 mox
772 2266 806 2320 de
827 2269 878 2320 fra·
916 2265 1082 2335 pretendebat
1100 2283 1144 2336 que
1161 2275 1212 2316 tout
1229 2265 1290 2314 e'tait
1300 2264 1354 2330 suit
1367 2282 1431 2334 pour

368 2343 454 2394 tribue
477 2345 549 2414 ejus,
573 2346 708 2398 Assideant
723 2348 825 2414 fratrer.
849 2345 877 2400 Si
920 2345 954 2396 les
966 2348 1056 2406 servir,
1072 2343 1132 2398 dans
1151 2343 1173 2394 le
1194 2343 1310 2404 Tartaru,
1331 2343 1362 2394 tts
1376 2354 1431 2394 sont

368 2419 470 2491 quiaad
481 2440 571 2474 rerum
583 2437 736 2479 oontextum
748 2424 829 2478 modo
841 2438 877 2478 nt·
919 2424 989 2477 livre's
1007 2425 1091 2476 draus
1113 2423 1146 2474 les
1164 2424 1267 2493 caprr'ces
1283 2421 1314 2472 de
1329 2425 1430 2472 certabas

367 2498 482 2555 tenderit
490 2540 499 2566 ,
513 2502 588 2556 facile
601 2502 782 2558 crediderit'et
797 2504 877 2558 Sene·
919 2503 1030 2566 molares,
1039 2504 1080 2574 qui
1089 2503 1141 2554 leur
1141 2502 1200 2568 sont
1209 2502 1306 2554 rnttird
1316 2501 1368 2552 leur
1377 2513 1431 2552 tour

366 2597 425 2632 cam
443 2591 495 2632 tres
513 2599 565 2634 una
584 2581 646 2635 sede
657 2582 760 2654 judiees
778 2585 877 2638 consti·
921 2603 966 2635 nne
979 2581 1065 2636 cruette
1078 2581 1212 2634 servitude:
1225 2581 1255 2633 ils
1272 2593 1363 2632 servent
1376 2600 1430 2634 aver

368 2659 461 2724 tuisse,
475 2659 550 2712 nulio
565 2662 709 2715 verborum
728 2662 771 2714 illo
790 2676 816 2718 et
834 2664 878 2716 boc
921 2661 1038 2724 douleur,
1058 2671 1083 2711 et
1103 2661 1170 2712 ilas
1191 2659 1243 2712 taur
1258 2672 1319 2712 reste
1339 2680 1430 2714 aucum

366 2739 435 2792 facto
451 2737 622 2806 discrimine;
635 2741 676 2794 sin
687 2753 774 2794 autem
786 2741 877 2796 advo·
920 2746 1044 2812 espebrnoe
1062 2740 1094 2790 de
1109 2743 1210 2810 poaroir
1221 2741 1313 2808 jamnis
1331 2739 1432 2792 amicti·

366 2818 487 2870 cularum
501 2818 544 2870 ttto
559 2831 585 2872 et
597 2819 642 2872 bor
652 2821 786 2892 vulgarem
799 2840 877 2874 usum
921 2821 973 2872 leur
987 2822 1100 2890 captirr'td
1105 2840 1116 2881 ,·
1133 2818 1163 2871 ils
1178 2831 1235 2870 sont
1245 2838 1299 2870 sons
1312 2817 1346 2869 les
1359 2837 1430 2888 corps

366 2896 533 2968 respexerit,
547 2895 601 2950 duo
616 2897 747 2969 designari
763 2900 821 2954 loca
834 2919 877 2952 nr-
920 2900 950 2952 de
967 2919 1004 2951 ces
1019 2898 1134 2962 sectores,
1149 2898 1248 2950 devoras
1266 2898 1328 2950 leurs
1347 2910 1430 2968 tyram

366 2976 517 3029 bitrabitur.
530 2979 597 3030 Rem
606 2978 634 3031 in
647 2977 735 3032 medio
745 2981 878 3050 relinque·
920 2978 1084 3048 r'rnpitoyables
1096 3018 1103 3042 ,
1118 2997 1204 3030 comme
1220 2997 1265 3030 une
1279 2977 1383 3030 enclttute
1394 2989 1431 3028 est

365 3074 441 3122 anua,
456 3056 530 3109 nullo
544 3075 629 3128 prope
646 3059 735 3112 fructu
748 3056 876 3112 dirimen-
919 3077 975 3110 soen
989 3057 1023 3110 les
1035 3076 1106 3128 coups
1125 3057 1167 3108 des
1182 3069 1305 3108 martarus
1322 3056 1362 3108 des
1378 3055 1430 3128 Cy·

366 3133 436 3188 dnm.
448 3167 488 3178 --
503 3137 611 3190 Thetidis
621 3157 695 3191 socer.
707 3141 818 3204 AEacus,
828 3157 876 3210 pa·
920 3137 1011 3210 clopes,
1031 3135 1114 3209 quand
1132 3136 1161 3188 V
1158 3136 1237 3188 ulcain
1254 3136 1288 3188 les
1301 3155 1380 3206 presse
1399 3136 1431 3188 de

366 3226 407 3266 ter
414 3214 499 3280 Pelei,
508 3216 552 3269 cui
563 3216 762 3288 nupsitThetis.
771 3251 811 3262 —-
820 3219 877 3270 Hor
920 3216 1043 3270 rmmttler
1055 3215 1116 3266 dan-r
1129 3216 1162 3268 les
1171 3217 1309 3284 sournaires
1320 3215 1431 3266 ardenter

365 3293 443 3346 audit.
452 3294 484 3345 In
496 3295 548 3348 hoc
557 3296 616 3349 soro
628 3295 737 3351 auditor
746 3299 876 3350 scelerum
918 3297 953 3350 du
967 3308 1034 3348 nont
1047 3296 1123 3348 Erna.

365 3384 391 3424 et
404 3370 485 3444 judex
497 3373 601 3430 assidet.
616 3375 728 3442 Seneca,
740 3375 775 3428 de
788 3378 874 3434 boues,
960 3376 1026 3446 738.
1051 3376 1140 3443 Terga.
1155 3370 1263 3428 -Alludit
1281 3371 1379 3426 Seneca
1394 3371 1430 3426 ad

364 3451 423 3518 ΙΙΙ,
447 3471 480 3506 aa
495 3471 502 3505 ι
518 3455 598 3526 Atqui
615 3455 644 3507 de
659 3459 753 3526 injuriis
767 3457 875 3510 dominu
918 3455 1060 3508 verberum
1072 3471 1173 3506 morem
1185 3470 1192 3506 τ
1205 3451 1321 3508 fustibus
1335 3451 1362 3504 in
1377 3453 1429 3504 mi·

378 3551 417 3582 um
434 3534 458 3584 in
470 3551 547 3584 servos
562 3537 603 3606 qui
612 3535 698 3586 audiat
705 3575 713 3599 ,
725 3540 818 3604 positus
831 3548 874 3590 est.
917 3535 993 3599 lites,
1003 3533 1111 3603 flagellis
1123 3533 1251 3586 intervos
1262 3531 1429 3586 seviebatur.

403 3609 469 3680 735.
480 3611 556 3681 Quod
567 3617 673 3685 quisque,
686 3627 736 3667 etc.
749 3615 876 3668 Similiter
918 3615 950 3666 In
962 3613 1032 3666 cives
1044 3623 1132 3664 autem
1146 3623 1173 3664 et
1187 3611 1307 3682 Quirites
1319 3611 1431 3682 proprie

364 3688 482 3754 Seneca,
496 3691 572 3760 epist.
590 3693 644 3760 39³
662 3693 813 3763 Qnoeseeere
826 3714 874 3764 pa·
918 3693 998 3763 virgo
1020 3690 1234 3756 adhibebantur;
1249 3687 1323 3760 quod
1342 3708 1430 3760 poenta

361 3772 462 3821 riantur.
477 3767 543 3822 Vid.
560 3770 699 3826 Claudiam.
716 3773 745 3825 in
758 3775 872 3846 Eutmp.
916 3791 1017 3842 genua,
1033 3771 1099 3824 olim
1113 3771 1286 3840 abrogatum,
1301 3769 1351 3822 sub
1371 3771 1429 3822 Im·

360 3848 392 3912 I,
409 3845 461 3917 157
478 3859 504 3902 et
515 3867 587 3920 seqq.
917 3851 1086 3923 peratoribus
1104 3849 1217 3910 revixit,
1235 3848 1357 3920 civesque
1369 3867 1428 3902 aron

406 3925 472 3995 736.
488 3927 591 3999 Repetit.
605 3928 686 3986 Redit
697 3932 726 3984 in
738 3943 873 3986 auctorem
915 3933 970 4002 jam
980 3930 1060 4002 virgis
1071 3941 1173 3982 tantum
1183 3967 1192 3994 ,
1202 3926 1248 3980 sed
1261 3926 1369 3998 flagellis
1384 3945 1431 3997 pa·

361 4005 467 4071 scelus,
483 4006 539 4076 ipsa
553 4008 750 4064 malefactorum
766 4031 873 4064 suorum
916 4011 1041 4065 lumbatis
1055 4008 1259 4080 instigabantur.
1269 4037 1310 4050 -·
1320 4005 1430 4060 Probata.

360 4085 511 4141 imitatione
521 4107 685 4159 oppressum.
695 4091 799 4144 Sallust.
808 4092 872 4162 frag.
918 4091 980 4144 Vox
1001 4109 1015 4142 a
1034 4091 1214 4142 Romanorum
1231 4085 1361 4140 institutis
1386 4105 1431 4140 aa·
