3168 5140
374 483 445 564 242
653 473 691 538 L.
721 467 899 538 suuni
928 462 1144 533 sanson:

424 611 584 676 Versatur
606 597 743 670 Atreus?
755 599 838 666 Tota
858 597 925 688 jam
942 608 1018 663 ante
1037 591 1150 663 oculos
1167 617 1257 662 meos

425 717 540 805 Imago
556 705 652 778 caedis
666 718 771 785 errat;
786 705 910 796 ingesta
926 700 1050 770 orbitas

426 823 466 888 ln
480 840 539 886 ora
555 814 665 909 patris.
681 811 816 894 Anime,
834 805 912 902 quid
930 829 1043 875 rursus
1057 804 1173 874 times?

425 927 468 993 Et
482 933 558 991 ante
573 943 642 986 rem
657 911 819 988 subsidis?
833 910 1030 982 Audendum
1047 925 1110 996 est,
1125 935 1202 1006 age:

426 1025 525 1118 Quod
540 1025 637 1094 estin
653 1025 715 1091 isto
732 1018 853 1089 scelere
868 1019 1069 1111 praecipuum
1088 1016 1198 1102 nefas,
1392 1051 1428 1086 ‚ss

426 1139 498 1203 Hoc
514 1133 582 1224 ipsc
597 1129 703 1198 faciet.
721 1149 793 1194 sar.
812 1122 876 1194 Sed
891 1124 1010 1217 quibus
1027 1135 1143 1215 captus
1158 1120 1258 1205 dolis,

425 1243 565 1308 Nostros
583 1233 674 1303 dabit
689 1230 867 1325 perductus
883 1229 916 1296 in
931 1227 1065 1320 laqueos
1080 1225 1221 1320 pedem?

426 1344 562 1413 Inimica
578 1337 684 1409 credit
699 1349 829 1406 cuncta.
848 1357 927 1403 san.
944 1332 1021 1400 Non
1039 1346 1169 1426 poterat
1186 1333 1279 1426 capi,

427 1450 498 1519 Nisi
516 1469 635 1540 capere
652 1441 758 1510 vellet.
776 1443 891 1533 Regna
905 1461 995 1507 nunc
1011 1451 1121 1532 sperat
1137 1461 1227 1506 mea:

426 1559 496 1624 Hac
512 1576 569 1646 spe
583 1548 720 1617 minanti
734 1544 860 1614 fulmen
874 1557 1027 1614 occurret
1040 1545 1133 1629 Jovi3

428 1665 498 1730 llac
513 1682 570 1753 spe
589 1653 712 1734 subibit
726 1652 863 1746 gurgitis
878 1649 994 1718 tumidi
1008 1650 1131 1731 minas,

426 1766 639 1856 Dubiumque
653 1759 786 1852 Libycae
800 1757 903 1849 Syrtis
917 1754 1055 1823 intrabit
1069 1753 1209 1840 fretum;

426 1875 497 1940 Hac
513 1893 588 1964 spe,
603 1863 692 1960 quod
709 1886 779 1932 csse
796 1862 975 1930 maximum
991 1873 1082 1928 retur
1096 1859 1237 1943 malum,

427 1981 574 2046 Fratrem
589 1969 721 2039 videbit.
740 1990 813 2037 sar.
830 1967 913 2054 Quis
930 1963 1029 2034 fidem
1046 1966 1137 2058 pacis
1152 1962 1266 2033 dabit?

417 2154 481 2206 281.
505 2150 567 2202 Tota
582 2151 646 2216 jam,
667 2155 718 2196 etc.
737 2141 780 2194 Sic
798 2137 879 2192 Ovid.
923 2157 928 2165 ·
966 2137 1032 2192 183.
1050 2137 1154 2199 Anime,
1174 2135 1234 2208 quid
1250 2155 1330 2189 masas
1348 2139 1433 2188 times?

372 2218 880 2292 messm.V1‚585‚deProcns:‹Pss-
923 2217 966 2270 Sic
989 2217 1017 2270 in
1040 2215 1178 2279 caelium,
1199 2216 1296 2268 Atreus
1317 2215 1357 2268 sui
1382 2235 1434 2269 sce·

376 2330 428 2382 que
440 2309 565 2376 nefasque
579 2303 727 2358 confusura
742 2297 810 2360 ruit,
825 2315 880 2367 pos·
923 2296 985 2349 leris
999 2295 1161 2348 immanitate
1177 2293 1367 2366 aliquantisper
1378 2295 1433 2366 ipse

375 2407 469 2460 neque
480 2387 508 2439 in
522 2382 636 2453 imagine
653 2391 708 2432 tota
720 2389 790 2431 est.-
924 2386 1049 2428 terretur.
1063 2374 1139 2427 Atre'e
1152 2384 1178 2424 et
1196 2375 1313 2443 Thyeste,
1330 2385 1381 2427 act.
1396 2375 1432 2436 V,

417 2469 480 2521 181.
496 2465 593 2534 Ingesta
607 2459 705 2512 orbitus.
720 2457 881 2526 Interpreta·
923 2471 993 2506 scen·
1013 2453 1027 2506 5
1043 2474 1050 2504 ι
1087 2519 1089 2521 ‚

377 2561 420 2602 ω]-
432 2543 576 2600 Funahim
588 2559 595 2593 :
613 2540 688 2608 «Ipse
701 2554 762 2590 suos
772 2534 881 2596 liberos,
923 2537 949 2578 Js
960 2537 1070 2584 81111111,
1084 2548 1104 2578 et
1112 2539 1133 2590 js
1144 2551 1188 2578 ms
1197 2551 1243 2577 mon
1253 2551 1295 2577 sins
1308 2551 1329 2576 ss
1340 2537 1434 2578 troubles.

376 2627 475 2699 quibus
490 2625 544 2694 jam
563 2620 672 2673 orbatus
692 2614 785 2678 fuerit,
804 2629 881 2664 vora·
966 2609 1030 2664 185.
1042 2611 1193 2681 Ρνασψιαωι
1200 2611 1278 2678 nefas.
1288 2609 1394 2682 Nempe
1405 2611 1434 2661 li·

376 2706 425 2759 hit.
436 2730 448 2752 ι
464 2699 544 2755 Unde
554 2710 629 2770 patet
638 2696 715 2748 illum
725 2691 883 2746 intellexisse
925 2688 976 2742 lios
989 2687 1137 2742 comedere.

377 2788 402 2837 in
417 2803 460 2836 ora
471 2783 559 2852 patris,
574 2791 699 2846 tanquam
711 2771 845 2826 diceretur
858 2774 883 2821 in
903 2825 909 2837 Ι
967 2769 1033 2838 189.
1043 2762 1101 2820 Nus·
1106 2779 1188 2838 cepere
1193 2768 1273 2819 vellet.
1281 2767 1339 2819 Nisi
1345 2767 1434 2838 Thys-

371 2861 616 2930 'stomebsmpasrin
629 2853 756 2908 etorlitas
771 2853 879 2918 iugata,
926 2859 978 2901 stes
998 2848 1137 2902 velletne
1157 2846 1279 2919 decipere
1302 2858 1329 2899 et
1351 2865 1434 2918 regno

379 2956 505 3013 tanquam
523 2947 645 3006 congestos
657 2931 726 3004 filios
745 2928 828 3003 quihus
843 2947 883 2979 or*-
928 2927 1071 2989 lrustrare,
1094 2927 1196 2980 nullam
1217 2925 1342 2980 haberem
1365 2927 1434 2980 viam

379 3023 448 3074 batus
454 3021 541 3087 suerit.
555 3017 611 3068 Nos
626 3024 713 3065 autem
726 3010 884 3064 arbitramur
927 3023 988 3059 eum
1002 3006 1030 3058 iu
1048 3007 1156 3076 laqueos
1177 3004 1342 3078 perducendi
1363 3023 1371 3059 :
1390 3004 1433 3059 sed

379 3101 443 3172 poni
462 3103 487 3151 iu
507 3116 550 3148 ore
566 3096 645 3165 patris
662 3109 714 3163 pro
735 3100 791 3140 ante
806 3091 885 3158 patris
927 3084 1070 3139 ambitione
1087 3097 1114 3138 et
1131 3103 1178 3156 spe
1195 3085 1358 3148 obcaecatus,
1379 3085 1434 3154 ipsa

379 3181 482 3232 oculos:
497 3178 551 3248 jam
576 3171 628 3226 sibi
653 3168 760 3223 videtur
788 3169 884 3220 Atreus
927 3175 1050 3218 occurret
1066 3162 1177 3217 insidiis.

379 3260 523 3330 'l'hyestem
542 3251 634 3308 videre
656 3249 769 3304 abscissa
786 3245 884 3298 libero·
968 3262 1036 3312 191.
1051 3240 1162 3312 Gurgitis
1173 3243 1342 3296 simmiste
1354 3243 1432 3294 Feras.

378 3357 440 3392 rom
457 3332 678 3404 contemplantem
693 3327 791 3399 capita,
806 3336 886 3395 atque
927 3321 1038 3393 intelligi
1051 3320 1216 3375 Adriaticum
1230 3339 1319 3385 mare,
1333 3333 1434 3393 tempe·

380 3416 413 3470 ad
432 3425 617 3486 conspectum,
632 3420 663 3461 ut
676 3409 713 3460 ita
725 3404 825 3468 dicam,
840 3421 885 3455 or·
927 3401 1036 3454 statibus
1047 3401 1161 3464 maxime
1171 3401 1314 3454 obnoxium
1328 3403 1433 3472 :potins
1541 3467 1546 3478 .

378 3496 467 3550 hitalia
478 3511 534 3546 sue
544 3491 706 3543 horrentem.
720 3485 770 3537 llic
781 3500 885 3545 sensns,
926 3493 1018 3549 putem
1033 3479 1067 3533 de
1081 3481 1200 3552 quolibet
1211 3479 1319 3533 tumido
1331 3482 1435 3552 gurgite

378 3573 539 3644 ceteroquin
550 3567 711 3640 simplicior,
722 3562 811 3616 multis
823 3579 887 3633 quo·
927 3557 989 3612 dici.

379 3673 432 3726 que
451 3648 577 3720 exemplis
589 3647 693 3700 &naeu
705 3641 886 3697 confirmatur.
970 3657 1034 3707 191.
1045 3638 1141 3712 Libycis
1153 3638 1264 3711 (Libye)
1275 3637 1363 3710 Syrtis.
1372 3635 1431 3690 vid.

379 3731 451 3786 Med.
466 3732 536 3784 tls:
553 3720 812 3794 ullesandavirginis
824 3737 885 3790 par·
928 3717 1007 3770 Herc.
1025 3717 1076 3768 fur.
1095 3718 1161 3784 ³19.

380 3832 428 3866 vus
440 3827 527 3863 comes
542 3807 648 3859 Divisus
659 3821 733 3866 ense,
750 3802 830 3853 funus
844 3799 885 3850 in·
971 3797 1035 3864 193.
1047 3795 1221 3866 (laod...retur
1229 3797 1325 3848 malum.
1333 3795 1434 3866 Nempe

379 3904 480 3964 gestum
490 3886 568 3960 patri.
579 3911 590 3932 ι
605 3882 753 3954 Semepist.
769 3899 802 3950 19
814 3895 821 3930 2
832 3879 886 3929 Hos
928 3874 1018 3930 sidere
1029 3875 1146 3928 fratrem.

381 3971 438 4024 mitt
460 3967 629 4027 circulatores,
653 3967 694 4035 qui
712 3959 884 4032 philosophiam
970 3960 1034 4024 194.
1045 3952 1191 4024 Quisssdem.
1200 3951 1435 4026 Quispersnsdere

380 4051 497 4103 maestius
507 4045 672 4114 neglexissent,
685 4059 754 4112 quam
768 4037 881 4098 vendunt,
928 4033 1039 4104 Thyesti
1052 4033 1153 4104 poterit
1166 4045 1192 4085 te
1204 4050 1293 4085 veram
1310 4045 1337 4084 et
1353 4034 1434 4086 since·

380 4137 404 4183 in
414 4131 502 4199 faciem
518 4129 615 4192 ingeret.
928 4131 984 4166 ram
999 4131 1089 4182 pacem
1106 4112 1223 4165 offerre?
