3090 5142
492 603 803 674 armeniano.
1059 602 1181 697 lmisj
1284 641 1286 646 -
1339 555 1345 572 ’

120 738 228 788 tantm
248 723 287 786 in
309 723 466 811 prologo,
483 745 556 811 quae
577 723 656 799 fiant
681 725 717 790 in
744 724 896 792 dramate.
920 723 983 789 Sed
1002 723 1091 790 unde
1113 727 1184 814 ipse

120 829 235 892 exstitit
262 827 444 917 prologus?
479 851 551 917 quae
580 832 646 920 agit
672 831 776 913 furia,
810 831 916 919 qualia
942 829 1009 911 jam
1034 831 1183 896 asstinmi

120 933 259 998 debent?
283 955 352 1021 quo
368 948 464 1021 pacto
483 936 586 1021 possit
606 936 723 1000 umbra
739 936 866 1006 Tantali
884 951 934 1000 tot
950 952 983 1002 et
1004 951 1071 1000 tarn
1086 937 1185 1002 rehe-

120 1055 242 1104 mentes
260 1053 374 1104 naotus
390 1039 501 1105 animo
520 1040 611 1106 Atrei
630 1041 786 1122 injioere?
817 1023 897 1131 quiri
915 1043 1024 1131 potius
1042 1043 1134 1108 finis
1149 1041 1184 1107 id

120 1143 573 1228 munerisattributumest,
599 1145 642 1212 ad
665 1145 833 1228 efficienda
859 1169 933 1235 que
954 1147 1086 1216 mandat
1109 1147 1185 1212 satis

121 1271 282 1338 superque
295 1250 470 1344 praesenti?
483 1252 554 1341 Ego
568 1252 702 1342 quidem
720 1254 802 1320 nihil
818 1255 923 1331 habeo
944 1253 1034 1342 quod
1049 1277 1186 1344 respon·

122 1355 211 1420 deam
230 1370 263 1418 et
280 1377 457 1422 excusem:
474 1355 532 1420 sed
548 1356 701 1422 ridentur
719 1381 756 1424 ea
776 1359 905 1424 Seneoae
920 1359 1097 1450 placuisse,
1114 1376 1186 1424 tum

121 1479 251 1551 propter
263 1483 415 1550 magnam
427 1463 622 1550 explicanda
637 1465 806 1532 rhetosiote
817 1466 1105 1556 opportunitatem,
1115 1481 1187 1530 tum

123 1567 298 1632 subtilioris
314 1565 483 1647 cujusdam
496 1567 620 1634 artificii
637 1593 741 1640 cause
759 1573 835 1638 Non
852 1573 941 1640 enirn
956 1571 1002 1636 illi
1017 1569 1189 1652 satisfuit,

123 1673 177 1760 qui
188 1671 301 1736 omnia
308 1671 343 1736 in
356 1673 459 1754 majus
468 1673 621 1740 extollere
632 1691 665 1740 et
676 1674 871 1764 amplificare
882 1677 1021 1759 solebat,
1036 1677 1064 1741 si
1075 1677 1189 1742 Atreus

124 1776 265 1842 inaudita
278 1793 420 1866 patraret
432 1777 570 1848 scelera:
587 1780 692 1845 voluit
704 1797 856 1869 nepotem
871 1780 912 1845 ad
927 1781 982 1846 illa
996 1781 1191 1870 perficienda

124 1883 236 1947 abavo
250 1883 407 1973 instigari.

168 1987 257 2072 Quid
273 1988 367 2054 furias
391 1989 576 2056 interventu
596 2007 706 2056 actum
730 1991 789 2073 sit,
812 1990 948 2056 secundi
970 1992 1078 2056 statim
1099 2008 1191 2056 actus

128 2096 216 2160 initio
234 2093 432 2178 ostenditur,
455 2111 535 2160 tuno
555 2097 698 2186 primum
720 2097 894 2186 incipiente
918 2098 1036 2164 fabula.
1060 2096 1191 2180 Prodit,

130 2225 192 2266 uno
206 2201 382 2268 satellitum
400 2203 592 2286 comitante,
604 2205 742 2286 Atreus,
756 2221 805 2287 et,
818 2205 980 2293 premissa
992 2203 1192 2294 monologio,

130 2305 167 2370 ad
178 2307 369 2398 exigendam
382 2331 401 2372 a
416 2309 556 2397 Thyeste
569 2311 667 2375 fratre
680 2309 837 2376 ultionem
856 2333 890 2376 se
903 2310 1105 2376 adhortatur.
1122 2313 1192 2376 lam

130 2415 236 2482 insane
257 2414 339 2479 furit
365 2415 452 2480 Atrei
475 2415 578 2481 rabies
604 2417 637 2480 in
664 2417 715 2482 his
737 2439 847 2484 renam
864 2417 1070 2507 primordiis,
1087 2439 1193 2506 neque

130 2521 245 2608 expleri
260 2536 388 2610 potest,
403 2521 466 2586 nisi
479 2521 592 2586 ultima
606 2522 829 2613 aggrediatur:

265 2653 339 2724 Age,
351 2651 457 2718 anime,
471 2652 514 2709 lte
527 2652 602 2727 quod
614 2654 688 2708 nulla
700 2655 840 2727 posteritas
849 2653 962 2726 probet,

267 2739 321 2795 Sed
334 2741 408 2795 nulla
421 2753 515 2795 taceat.
530 2740 647 2814 Aliquod
658 2741 812 2799 audendum
824 2755 863 2799 est
874 2742 949 2801 nelas

271 2833 371 2896 Atrox,
389 2843 546 2896 cruentum
560 2831 612 2885 tale
622 2868 631 2896 ,
643 2831 716 2903 qnod
730 2831 811 2885 frater
826 2849 900 2886 meua

270 2919 355 2972 Snnm
365 2937 421 2972 essa
431 2920 521 2974 mallet
532 2939 540 2974 a
553 2920 652 2974 seelera
665 2937 721 2974 non
735 2919 885 2984 ddsrerb,

270 3007 326 3062 Nisi
336 3009 433 3062 vincia,

134 3106 270 3170 Satellite
291 3123 401 3171 autem
415 3105 576 3187 judicium
591 3107 706 3196 populi
723 3107 914 3191 objiciente,
933 3110 1046 3172 refert:

348 3258 355 3273 .
365 3221 512 3275 Maximum
523 3221 576 3275 hoo
586 3221 661 3294 regni
674 3222 775 3275 boum
788 3234 843 3285 eat,

274 3309 355 3376 Quod
369 3310 439 3364 laeta
451 3309 554 3363 domini
568 3309 672 3381 cogitur
685 3311 802 3382 populus
812 3309 854 3364 ani

274 3397 343 3450 Tam
356 3399 437 3460 latre,
452 3414 534 3470 qnam
550 3397 668 3452 laudare.

136 3495 218 3558 Tum
237 3495 382 3560 satelles:

485 3607 561 3673 Quos
573 3605 645 3679 cogit
657 3618 744 3661 metus

275 3694 414 3761 Laudare,
425 3693 533 3748 medem
542 3694 632 3748 reddit
643 3694 763 3748 inimicos
777 3705 872 3748 metus.

275 3784 365 3854 Atqui
375 3783 474 3838 favoris
486 3783 595 3856 gloriam
604 3783 660 3838 rari
668 3784 749 3857 petit,

274 3871 372 3925 Animo
387 3872 473 3946 magis
483 3889 564 3946 quam
580 3889 645 3926 rote
656 3871 762 3926 landari
774 3871 853 3926 volet.

14 3983 15 3990 '
138 3985 327 4074 Respondet
340 3987 608 4078 epigrammaticis
618 3989 764 4053 versibus
781 3989 919 4052 Atreus:

278 4113 348 4166 luna
362 4132 421 4168 vera
435 4126 462 4169 et
475 4114 569 4168 hntnili
582 4133 649 4188 supe
662 4115 792 4187 confingit
801 4113 871 4168 viro:

279 4199 392 4254 Nonnisi
406 4203 509 4273 potenti
521 4201 591 4256 laisa.
600 4202 681 4269 Quod
694 4202 797 4269 nolunt,
809 4202 898 4256 velint.
