3118 5138
330 545 383 615 IN
407 543 900 616 TltAGOEDns'sENECAE.
1044 546 1148 641 cxxiij

84 695 202 742 temere
223 675 385 740 affirmare
403 675 512 740 videar
536 700 603 740 rem
625 699 751 738 novam.
775 676 832 740 Ille
851 692 958 740 autem
984 700 1094 742 versus
1116 681 1151 744 in

88 784 226 847 Hercule
245 783 379 862 OEtaeo,

210 907 328 972 Habent,
342 925 393 960 nec
407 906 460 960 ulle
472 905 623 960 dominetur
636 907 713 972 cultu

89 1065 167 1112 utet
183 1049 311 1124 alterio
327 1049 590 1136 Agamemnone,

209 1187 322 1260 Triplici
334 1200 428 1241 catena
442 1188 539 1255 tacuit,
559 1205 609 1242 neo
622 1188 693 1254 ullo,

92 1331 183 1418 plane
203 1346 279 1395 sunt
298 1329 455 1420 illegitimi
465 1307 484 1412 ξ
498 1330 532 1392 in
550 1330 670 1418 quibus
683 1330 755 1394 loco
771 1330 878 1417 primo
890 1347 1089 1418 anapaestus,
1108 1332 1155 1398 nl·

95 1454 160 1500 tero
174 1435 337 1500 bacchcus
354 1435 506 1522 ponitur:
523 1457 605 1522 quos
621 1435 707 1498 inter
723 1433 891 1523 sapphicos
903 1457 1001 1500 ausus
1021 1459 1088 1500 non
1104 1459 1156 1502 es·

96 1565 157 1604 sem
171 1542 320 1621 recitare,
336 1540 398 1602 nisi
408 1541 562 1630 Tragicus
580 1540 625 1604 eis
641 1562 700 1628 per
713 1538 856 1604 medium
870 1540 1082 1624 immisceret,
1100 1559 1156 1608 aut

96 1648 273 1737 propinque
290 1661 487 1714 annecteret.
512 1649 593 1714 Satis
610 1648 651 1713 de
669 1648 773 1736 prima
795 1664 827 1713 et
847 1648 946 1714 altera
966 1647 1044 1716 sede
1060 1649 1156 1728 hujus

102 1763 253 1826 carminis.

137 1869 174 1932 Iu
193 1869 284 1934 tertie
304 1867 381 1933 sede
408 1865 574 1959 spondeus
599 1883 713 1933 contra
729 1883 831 1934 artem
852 1883 886 1932 et
904 1889 1000 1934 usum
1018 1869 1157 1934 colloca·

103 1991 167 2055 tur3
180 1989 234 2056 ut,

210 2107 294 2178 Argos
303 2105 376 2159 iret·
388 2123 479 2158 corum
491 2121 622 2164 noverca,

104 2245 185 2326 cujus
204 2246 297 2312 etiam
332 2261 370 2310 ut
399 2245 432 2308 in
457 2244 540 2334 pede
574 2244 683 2334 priore
708 2245 893 2333 exemplum
916 2245 1004 2310 aliud
1035 2247 1158 2312 nescio.

106 2349 263 2437 spondeus
280 2351 340 2415 iste
357 2348 521 2414 interdum
538 2349 729 2431 resolvitur;
745 2365 783 2413 ut
799 2349 833 2414 in
852 2350 1045 2440 Hippolyto,

211 2475 239 2530 Si
252 2493 305 2548 qua
318 2473 433 2530 ferventi
446 2475 561 2550 subjecte
573 2492 679 2530 cancro.
694 2475 831 2544 (sunum).

143 2620 176 2681 ln
189 2615 332 2699 Troade,

213 2743 281 2796 Dum
294 2743 365 2797 luem
380 2748 476 2794 tentam
487 2741 573 2794 Troiae
585 2752 663 2812 atque
674 2740 792 2792 Achivis.

145 2887 246 2968 Qualis
261 2889 313 2952 illa
330 2891 450 2960 θιάζιυξις
465 2885 658 2964 Horatiana,

212 3018 288 3074 Nunc
300 3037 388 3084 mere,
400 3035 471 3072 nuuc
485 3015 565 3071 siloe.

147 3144 180 3207 Et
192 3146 248 3208 ista
260 3192 269 3226 ,

215 3273 272 3326 lleit
284 3285 400 3345 quantus
414 3273 505 3344 equis,
516 3282 631 3343 quantus
643 3269 718 3323 adest
732 3267 813 3321 viris.-

150 3403 189 3466 lta
203 3405 234 3467 in
253 3404 494 3493 manuscripto,
511 3416 543 3465 et
561 3401 631 3465 Heri
647 3399 856 3488 dissyllabum
875 3421 945 3464 esso
967 3423 1034 3466 non
1058 3421 1154 3492 neget

114 3505 231 3574 Servius.
254 3509 375 3576 Eadem
394 3508 592 3573 resolutione
612 3506 757 3572 Coeciliue
779 3505 813 3569 in
838 3505 961 3589 Plotio,
983 3507 1072 3596 apud
1088 3511 1153 3574 Το-

114 3613 192 3676 rentii
206 3615 433 3704 interpretem,

214 3753 303 3808 Patere
311 3752 384 3827 quod
396 3753 486 3820 datm,
498 3749 607 3823 quando
616 3761 707 3824 optate
718 3765 773 3801 non
787 3745 889 3802 debunt
899 3747 947 3802 dii.

153 3893 183 3956 ln
193 3895 250 3962 hoc
262 3897 444 3978 trochaico,
464 3893 594 3986 quondo
610 3909 659 3960 est
677 3893 888 3983 trisyllabum.
903 3893 1076 3982 Sumptum
1088 3895 1152 3960 lroc

112 3995 151 4059 de
160 3997 272 4068 Grecis.
286 4005 466 4084 Homerus,
545 3995 548 4000 ’

220 4127 312 4206 lpttto'r
327 4157 353 4190 τι
368 4137 498 4207 Κόρινθον,
520 4137 660 4206 liittrtpisec
672 4113 699 4188 ri
712 4135 836 4195 Κλεωνάς.

960 4222 985 4290 ὴ
995 4233 1008 4264 2
