3210 5140
445 473 949 544 ANIMADVERSIONES.
1157 475 1224 570 187

208 607 272 673 629.
284 605 368 673 Regno
378 603 492 673 possedit.
507 603 603 657 Philol.
615 618 642 657 et
652 617 752 675 septem
765 604 859 658 Parios.
871 603 971 656 habent
983 619 1102 674 regisqm
1110 606 1226 673 possidet,

170 683 240 756 quod
256 681 339 754 recipi
354 693 470 758 metrum
484 701 539 736 nou
554 685 661 754 patitur.
678 685 774 737 Melius
789 682 915 755 estquod
932 682 1010 736 Fern.
1025 681 1125 736 Isoard.
1141 683 1228 755 AEgid.

170 763 277 834 llsplsel.
295 761 423 814 Commel.
440 763 511 815 Delr.
527 764 606 817 Grut.
621 777 648 816 et
661 783 757 816 novem
774 763 867 818 Pariss.
882 760 1066 834 suppeditant,
1083 781 1158 832 segra
1170 784 1230 833 pos·

170 843 242 896 sidet:
249 840 295 895 sed
305 853 410 914 praestat
420 842 547 913 elegantia
554 863 627 913 mgna
636 845 750 912 possedit,
763 841 850 914 quod,
860 855 956 914 prester
966 859 1060 894 omines
1069 844 1229 908 recentiores

172 921 299 987 editores,
315 921 408 975 Heius.
423 921 507 974 Scriv.
525 923 603 975 Fsrn.
619 922 702 993 Thys.
720 921 816 976 etHS.
833 935 901 976 nost.
917 922 987 976 8031
1006 922 1141 976 exhibent.
1157 923 1229 976 Con·

171 1015 272 1056 suetssm
281 1013 321 1054 est
331 1000 507 1072 scriptoribus
515 1003 604 1054 latinis
609 1003 719 1073 postsdeo
729 1021 780 1074 pro
790 1021 887 1072 ocnspo,
901 1001 987 1054 mondo
998 1019 1145 1072 usurpare
1158 1001 1229 1056 uude

171 1099 237 1154 sepe
247 1080 354 1152 possedit
364 1097 414 1150 pro
430 1093 492 1132 tenet
503 1095 622 1152 ponitur
639 1080 702 1140 vid
720 1083 809 1136 Nostr.
826 1080 925 1134 Troad.
945 1082 1010 1136 566.

211 1160 275 1222 63ι
288 1160 415 1212 Herculeo
427 1160 518 1215 domm
531 1161 601 1214 Petr.
613 1162 765 1215 Herculeae:
777 1160 1172 1232 undesequeutiversuoueilio
1180 1181 1230 1232 pro

172 1243 263 1292 ιιιιιὶιιιι
272 1240 389 1293 scribere
397 1239 518 1311 cogitur:
531 1239 577 1296 sed
590 1259 640 1294 neo
651 1241 777 1294 sunilleio
787 1253 901 1294 metrum
911 1237 1005 1306 cedit,
1008 1259 1057 1294 nec
1068 1253 1157 1313 potest
1166 1242 1232 1294 ferri

173 1320 301 1372 Herculeos
313 1320 396 1370 domus
406 1339 457 1390 pro
469 1321 612 1372 Herculeum
623 1321 725 1374 domum.

212 1399 278 1454 632.
292 1399 372 1450 Vidit.
384 1397 484 1452 lsoerd.
494 1401 575 1462 vilet,
590 1399 665 1472 qnod
678 1413 704 1454 et
714 1399 805 1452 Delrio
818 1401 907 1470 potius
916 1397 1067 1470 judicabat,
1078 1419 1132 1452 non
1146 1402 1230 1452 anim·

172 1478 306 1532 advertens
320 1480 369 1531 hae
382 1479 494 1532 lectione
507 1480 685 1551 iutegritatem
699 1497 791 1533 versus
804 1479 909 1531 violari.

212 1558 278 1612 633.
294 1555 347 1610 Cur
359 1557 429 1610 diem
446 1558 547 1612 Isuard.
562 1579 606 1612 cur
617 1560 685 1612 idem.

212 1637 612 1701 6³4.Feros.1n1³ariss8028
626 1638 834 1707 et805'i,seset,
850 1635 1229 1708 ntverssq..fiet-Brdeu.

174 1717 267 1790 ubjecit
280 1735 422 1788 personam
439 1717 550 1784 Thesei,
566 1731 592 1772 et
607 1719 764 1772 hsecomnia
776 1717 809 1771 ud
824 1718 964 1770 Herculem
981 1718 1114 1770 transtulit
1127 1718 1229 1769 sublato

174 1810 229 1868 post
243 1797 344 1866 Lycus
336 1799 550 1892 sutermgstiopis
563 1799 655 1870 signo;
669 1817 724 1852 uon
736 1799 832 1850 obsone
845 1795 969 1868 quidem,
982 1795 1028 1850 sed
1042 1795 1193 1868 languidius
1205 1809 1232 1848 et

174 1875 226 1930 ed
219 1877 465 1948 interpretationem
477 1879 565 1932 minus
579 1876 728 1931 commode.

212 1956 278 2010 635.
297 1956 393 2008 Hostis
417 1959 522 2023 «Quem
542 1976 597 2010 nou
615 1957 735 2011 offendet
752 1957 793 2010 bis
814 1956 957 2028 repetitum
976 1957 1092 2008 hostis?
1115 1956 1151 2008 ait
1171 1955 1231 2010 Nic.

174 2037 263 2089 Heius.
282 2055 297 2087 a
315 2033 414 2088 Beden.
433 2038 542 2101 eitatns3
561 2050 588 2089 et
605 2037 680 2089 sudor
695 2056 744 2108 pro
763 2037 836 2088 lsoots's
853 2034 992 2106 legendum
1011 2033 1157 2088 contendit.
1175 2037 1231 2106 Ego

174 2127 262 2168 eontra
272 2115 359 2168 ausim
371 2113 459 2169 dicere
473 2135 480 2169 ι
494 2118 581 2182 Quem
592 2135 647 2170 non
664 2115 783 2170 ollendat
795 2111 890 2168 sudor?
900 2135 953 2186 quo
965 2114 1032 2167 nihil
1045 2116 1192 2169 ellectatius
1206 2129 1233 2168 et
1325 2125 1327 2132 ’

174 2194 320 2248 contortius
330 2197 472 2266 excogitari
482 2197 578 2268 potuit.
589 2195 701 2250 Dicente
713 2209 799 2250 autem
812 2196 926 2248 Hercule
939 2207 1054 2247 mactetur
1065 2196 1150 2256 hostis,
1165 2193 1231 2266 quid

173 2275 270 2328 mirum
284 2273 308 2327 si
321 2273 439 2328 Theseus
453 2275 523 2329 hunc
538 2293 629 2330 rocem
642 2277 725 2330 hostis
740 2277 827 2329 stetim
843 2287 958 2347 repetat,
974 2274 1112 2346 indignans
1127 2276 1232 2346 Lycum

174 2373 221 2426 pro
238 2355 305 2406 tasse
320 2353 431 2408 Herculi
446 2355 559 2409 heberi?
570 2356 613 2408 llli
627 2369 731 2410 tanturn
744 2375 818 2410 surm
831 2357 964 2426 geminato
978 2356 1060 2408 verbo
1072 2355 1127 2406 vim
1143 2355 1233 2408 obstu-

174 2435 243 2500 lere,
254 2434 302 2506 qui
316 2433 413 2488 Thesei
426 2453 565 2506 personam
579 2436 784 2507 ablegavernnt,
799 2448 829 2489 ut
843 2437 902 2490 Nic.
920 2435 1042 2488 Heinsius
1055 2447 1081 2488 et
1093 2433 1192 2488 Beden.

212 2519 278 2578 644.
298 2514 398 2567 Leotum
415 2528 465 2579 est,
485 2527 534 2568 etc.
554 2515 598 2568 Sic
616 2529 704 2587 portes
721 2517 801 2588 hujus
819 2535 908 2569 versus
925 2514 1057 2588 disposuit
1073 2514 1129 2568 MS.
1150 2514 1234 2568 Puris.

176 2594 264 2656 8033,
278 2605 309 2646 ut
321 2595 407 2646 lentum
419 2607 464 2659 est,
476 2595 581 2648 dubitet
593 2597 636 2647 lsoc
646 2615 737 2670 quoque
748 2609 782 2647 est
792 2597 879 2648 lentum
889 2595 1077 2666 Amphitryoni
1089 2595 1234 2647 sttribuan·

175 2685 231 2738 tur,
243 2685 270 2727 et
282 2674 404 2745 subjiciat
416 2675 535 2729 Theseus
550 2677 665 2748 primum
678 2677 731 2738 dot,
747 2695 809 2728 mox
820 2677 894 2728 dedit.

213 2757 281 2816 646.
303 2753 425 2827 Rebusque
445 2755 526 2826 lapsis.
549 2755 760 2820 Quutuordecim
782 2757 875 2809 Pariss.
901 2768 927 2807 et
946 2751 1006 2806 edd.
1030 2755 1108 2805 Fern.
1131 2751 1231 2806 lsosrd.

175 2832 261 2904 AEgid.
275 2833 373 2887 Philol.
389 2835 493 2888 Arcens.
508 2836 603 2889 Avent-
618 2836 696 2889 Virn.
710 2836 814 2908 Gryph.
829 2836 899 2888 Petr.
914 2835 1017 2888 Fabrie.
1031 2833 1141 2904 llaphel.
1154 2834 1233 2886 Com·

176 2915 233 2966 mel.
249 2914 323 2966 Delr.
341 2914 449 2968 Gruter.
466 2915 579 2985 nbsssque
593 2916 669 2968 lassu.
685 2916 826 2970 Mouuerut
840 2927 927 2968 autem
944 2914 1074 2966 Commel.
1089 2914 1115 2965 in
1133 2913 1235 2982 aliquot

175 2991 247 3046 MSS.
259 3011 316 3046 esse
326 2993 409 3064 lapsis,
424 2993 496 3066 qnod
508 2995 559 3048 sibi
572 2995 653 3066 magis
667 2995 770 3067 placere
783 2996 878 3049 aiebat.
895 2995 969 3046 Hanc
982 2993 1138 3054 lectionem,
1154 2991 1233 3043 Com·

175 3074 272 3126 melino
283 3075 436 3144 probatam,
452 3073 590 3141 Heinsius,
603 3075 765 3140 Scriverius,
779 3077 859 3128 Fero.
870 3075 951 3147 Thys.
965 3085 992 3125 et
1003 3073 1091 3125 cuncti
1102 3083 1162 3142 post
1174 3070 1233 3124 illos

177 3151 288 3206 editores
303 3171 442 3224 recepere;
456 3153 576 3208 eamdem
590 3156 618 3208 in
635 3154 709 3207 MSS.
724 3154 816 3208 Perire.
836 3157 908 3223 8027
923 3167 949 3206 et
966 3154 1039 3221 8029
1055 3151 1168 3222 reperio.
1292 3219 1295 3229 Ι

215 3233 280 3287 656.
298 3233 361 3303 Quoe
368 3235 429 3300 fuit.
441 3234 513 3287 vers.
525 3232 586 3288 edd.
598 3235 664 3306 quod
670 3237 731 3301 suit.
744 3234 806 3286 Post
820 3233 1032 3305 Commelinum,
1046 3230 1131 3301 quiin
1146 3231 1233 3282 omni-

177 3313 224 3366 bus
236 3311 315 3365 Mss.
331 3314 433 3366 nonsit
446 3331 501 3367 esse
514 3335 567 3386 quse
578 3316 639 3382 suit,
654 3313 745 3366 Heius.
758 3312 823 3366 dicit
838 3314 865 3364 iu
881 3312 951 3364 notis
968 3328 995 3362 se
1014 3311 1080 3362 hanc
1094 3310 1234 3362 lectionem

177 3393 332 3457 restituisse,
345 3411 424 3463 φιιιιι
437 3395 615 3448 venustiorem
623 3391 766 3466 judicabat.
779 3395 903 3447 Attamen
916 3404 975 3445 unte
988 3389 1142 3452 Heinsiurn,
1153 3390 1233 3443 Grut.

177 3471 294 3525 eamdem
316 3486 499 3544 assumpserat.
519 3473 602 3528 Seriv.
623 3475 702 3526 Faru.
723 3474 806 3544 Thys.
829 3485 856 3525 et
875 3471 961 3525 caeteri
983 3489 1027 3523 eos
1049 3470 1145 3522 imitati
1165 3482 1234 3524 ssent.

179 3551 269 3606 Perire.
281 3569 389 3624 quoqne
406 3555 481 3608 8026
498 3565 525 3606 et
540 3557 612 3609 8262
627 3573 681 3626 quse
688 3554 742 3620 fuit
756 3553 891 3606 exhibent.

218 3630 281 3702 659.
297 3634 381 3685 Irrita.
396 3633 489 3686 Pariss.
509 3637 579 3704 8029
594 3646 620 3688 et
636 3633 721 3697 8030,
736 3645 818 3696 eruto,
834 3631 906 3704 quod
920 3631 1037 3684 Botheus
1049 3648 1155 3701 quoque
1170 3648 1234 3700 pro-

178 3711 256 3764 bavit.
269 3713 329 3784 lpse
341 3712 455 3766 libenter
467 3731 642 3784 reponerem,
657 3715 677 3768 si
691 3713 781 3785 plures
794 3713 910 3766 laterent
921 3709 996 3763 MSS.

217 3795 282 3846 660.
303 3791 392 3844 AEtuo.
415 3793 558 3858 Nonnulli,
577 3795 672 3846 Arent.
689 3793 769 3846 Viso.
789 3793 893 3864 Grypls.
910 3791 979 3844 Petr.
1000 3790 1103 3842 Febris.
1121 3789 1234 3860 llaphel.

178 3871 373 3936 Commeliuus,
385 3873 461 3924 Eunu
472 3871 617 3926 ediderunt
632 3871 695 3925 :sed
710 3873 791 3926 AEtoo
802 3875 831 3925 in
846 3872 979 3945 plerisque
992 3869 1066 3922 MSS.
1077 3870 1165 3940 aptius
1178 3869 1236 3940 qui·

178 3949 236 4004 dem
259 3965 285 4005 et
302 3951 492 4022 significantius
507 3949 571 4014 (vid.
586 3971 644 4026 quae
658 3966 747 4006 notas.
764 3972 810 4024 pp.
829 3973 865 4024 79
880 3966 906 4006 et
922 3949 981 4013 80).
994 3949 1126 4003 Gruterus
1138 3949 1235 4002 substi-

179 4031 216 4082 tni
229 4031 323 4083 AEtlsro
335 4031 456 4096 volebat,
467 4031 540 4103 quod
556 4033 584 4084 in
605 4047 719 4086 mentem
735 4034 792 4086 suni
807 4031 899 4104 judicii
915 4032 973 4084 viro
987 4031 1089 4083 venisse
1108 4027 1236 4082 admiror.

180 4141 217 4152 -
226 4111 288 4163 lore
300 4111 393 4164 obdita.
410 4110 491 4165 Paris.
506 4114 591 4178 8035,
600 4115 656 4184 jure
672 4113 765 4166 abditu.
1297 4167 1300 4174 ‚

219 4195 283 4255 664.
309 4192 375 4244 Ditis
393 4195 468 4245 invisi.
491 4191 591 4246 Isosrtl.
615 4194 681 4248 Phil.
704 4197 809 4246 Arcens.
835 4193 904 4248 Delr.
929 4205 956 4246 et
978 4190 1121 4244 duodecim
1141 4188 1237 4240 Perire.
