3172 5138
408 495 481 582 300
753 493 809 560 10
836 495 1120 562 00000000

405 644 463 678 cam
481 601 578 678 veteris
593 622 629 677 nd
644 623 778 695 specimen
797 622 902 678 domus.
915 649 926 670 ι
948 625 985 676 At
998 624 1117 695 quumvis
1134 625 1229 678 Parias.
1248 625 1323 679 MSS.
1343 626 1418 678 8030
1438 641 1463 682 et

317 705 320 714 '
407 704 482 759 8035
504 702 624 758 eumdem
641 702 782 757 lectionem
800 703 961 795 punierunt,
981 716 1053 757 reete
1074 703 1140 756 mihi
1163 703 1462 800 01010000.ωά900000

405 785 518 840 Etrusco
537 783 706 838 restituisse:
726 783 821 836 melius
840 784 912 838 enim
933 783 1085 855 speoiminis
1102 801 1183 855 quam
1200 783 1305 855 imperii
1326 786 1464 856 antiquitas

406 864 458 918 hoo
474 865 533 918 loeo
549 877 721 918 memoretur.

449 963 515 1015 007.
533 942 665 1014 Cujsss.1n
680 941 868 1014 septemdecim
881 941 975 996 Pariss.
991 959 1095 996 necnon
1113 943 1142 994 iu
1157 942 1238 996 Peru.
1255 943 1343 1014 AEgid.
1361 950 1463 999 ssoens.

407 1024 503 1078 deaut.
513 1023 593 1076 Viuo.
606 1023 711 1094 Gryph.
724 1023 795 1077 Pete.
808 1022 912 1074 Febrio.
927 1023 1058 1078 Cemmel.
1070 1023 1142 1076 Delr.
1156 1022 1235 1076 Grut.
1248 1023 1342 1076 Heius.
1356 1025 1463 1095 Raphel.

407 1103 485 1158 Peru.
500 1103 584 1174 Tityo.
598 1101 662 1156 edd.
676 1103 755 1173 liujus,
767 1100 841 1173 quod
856 1101 943 1174 friget.
959 1102 1054 1173 Cujm'
1045 1121 1074 1155 ru
1090 1101 1165 1156 MSS.
1181 1101 1272 1166 8005,
1287 1105 1375 1167 8008,
1391 1103 1464 1158 8033

407 1196 435 1236 et
450 1184 480 1236 in
500 1180 602 1236 bourd.
620 1181 717 1236 Philol.
733 1181 846 1236 Seriver.
859 1181 982 1236 Gronov.
1001 1193 1028 1236 et
1046 1181 1245 1235 recentioribua.
1261 1182 1341 1236 Both.
1358 1181 1465 1253 quiden

407 1265 474 1333 eujus
485 1261 616 1328 admittit,
625 1259 673 1315 sed
683 1279 764 1315 versu
776 1261 895 1332 sequenti
906 1262 964 1316 vult
976 1261 1072 1333 reponi
1085 1262 1176 1330 infuse
1189 1273 1271 1331 tergo,
1282 1260 1357 1332 quod
1370 1262 1414 1314 vix
1427 1258 1465 1314 in·

408 1342 554 1414 telligatur,
568 1353 608 1395 tot
620 1341 765 1414 interjectis
774 1341 1011 1412 0001103000,ῳο
1022 1341 1154 1413 posteriue
1161 1344 1230 1411 cujus
1242 1340 1414 1394 referendum
1426 1341 1465 1394 sit.

407 1429 462 1491 Ego
476 1433 570 1475 contre
583 1433 610 1474 et
622 1421 691 1490 liujus
702 1439 758 1474 non
772 1419 861 1474 minus
872 1421 925 1474 hoo
937 1421 997 1474 looo
1010 1439 1090 1492 quum
1103 1439 1184 1492 supra
1195 1421 1291 1491 frigere
1304 1421 1430 1486 arbitror,
1442 1433 1467 1472 et

408 1503 464 1572 ipse
480 1498 598 1569 ejusdem
611 1499 735 1553 vocabuli
746 1499 886 1554 iteratione
899 1518 1005 1554 sensnm
1020 1500 1167 1572 planiorem
1182 1499 1255 1564 fieri,
1274 1501 1378 1562 uls-ies,
1395 1502 1466 1569 eujus

408 1599 485 1633 coma
497 1577 646 1650 dependet,
662 1591 711 1632 eto.
724 1581 799 1650 eujus
812 1597 828 1630 e
840 1590 915 1649 tergo
924 1618 932 1644 ,
942 1588 992 1632 eto.
1003 1607 1016 1626 ι
1028 1613 1071 1624 -
1083 1581 1182 1647 Essem.
1195 1579 1273 1632 MSS.
1289 1593 1316 1631 et
1329 1589 1394 1632 tett.
1406 1577 1464 1631 edd.

409 1661 496 1727 infuso.
512 1659 637 1712 Oooutuit
651 1659 769 1730 primum
783 1659 860 1726 effuso
874 1658 903 1710 in
917 1658 1021 1714 Febris.
1037 1675 1117 1731 quent
1132 1659 1241 1730 liuphel.
1258 1659 1330 1712 Delr.
1349 1658 1466 1712 Gronov.

410 1739 518 1811 Bipout.
535 1739 615 1792 Both.
632 1751 658 1791 et
669 1735 769 1792 Buden.
782 1738 864 1792 seonti
876 1751 947 1792 sunt.

452 1837 517 1888 ²²9·
533 1819 662 1870 Tantalici.
673 1817 717 1870 Sic
731 1817 796 1870 libb.
813 1818 942 1871 Commel.
953 1831 984 1871 ot
998 1817 1139 1870 Delrionis.
1154 1814 1260 1890 Lipsius
1275 1817 1390 1870 malshn
1404 1817 1467 1868 Ton-

411 1898 478 1960 000Ιεί,
490 1895 564 1968 quod
575 1896 683 1950 invenio
697 1896 725 1948 in
739 1897 833 1950 Pes-iss.
850 1895 924 1966 6395
936 1909 968 1949 et
979 1897 1008 1948 in
1026 1897 1177 1967 11001001.οῑ
1190 1895 1287 1950 Badeo.
1301 1894 1365 1948 edd.

451 1976 516 2030 2³0.
530 1977 604 2028 Hunc
615 1989 707 2028 000000
718 1976 812 2029 domm.
826 1975 869 2029 Sic
883 1976 959 2030 MSS.
977 1976 1064 2047 6395,
1080 1978 1162 2044 8009,
1182 1977 1268 2037 8030,
1284 1975 1378 2038 80350
1395 1976 1432 2028 sio
1444 1987 1468 2026 et

410 2054 473 2110 edd.
482 2055 607 2109 Gronov.
623 2068 650 2108 et
662 2067 774 2108 reeentt.
788 2055 841 2108 Alii
857 2057 919 2108 10000
932 2069 1006 2107 tuntoe
1021 2057 1114 2118 0100000,
1128 2071 1206 2108 00000
1221 2053 1373 2108 invalidius.

453 2138 518 2189 030.
533 2135 641 2188 Claudit.
656 2135 732 2188 Foru.
743 2134 843 2189 Isoard.
858 2136 965 2190 decens.
980 2135 1090 2207 Rephel.
1104 2135 1182 2188 Grut.
1196 2153 1258 2188 eom
1272 2133 1364 2188 decem
1376 2131 1467 2186 Perias

453 2294 520 2348 033.
538 2294 626 2346 Fatale
643 2313 723 2346 00000
742 2293 821 2348 Peru.
838 2293 941 2348 Isoard.
963 2295 1059 2348 Philol.
1080 2298 1186 2348 Ascens.
1206 2310 1267 2346 eum
1286 2290 1469 2364 septemdecim

412 2373 506 2427 Periss.
519 2375 600 2441 fatale
613 2393 682 2424 sacro
697 2394 707 2425 .·
722 2373 767 2424 alii
778 2374 861 2439 fatale
876 2394 949 2427 00000
963 2393 1034 2444 pensu
1052 2391 1126 2426 0000
1146 2373 1299 2426 Gronovius
1313 2391 1346 2425 ex
1362 2373 1470 2424 Etrusco

412 2452 517 2524 scripsit
528 2454 610 2519 seton
624 2471 698 2503 00000
711 2471 825 2522 pascuum
842 2473 925 2518 metro,
945 2467 1054 2518 notans,
1069 2473 1104 2506 no
1121 2453 1182 2525 quis
1201 2452 1280 2505 metri
1295 2452 1469 2523 integritatem
1566 2457 1567 2462 ’

413 2531 505 2584 violari
520 2545 639 2603 putaret,
653 2529 751 2584 dixisse
763 2531 908 2602 Virgilium
923 2535 982 2605 peri
995 2533 1160 2604 eyndoepha,
1181 2533 1267 2586 uvillis
1279 2549 1422 2586 onerosum
1434 2543 1469 2582 st·

413 2629 466 2682 qne
480 2612 614 2682 unguibus
628 2614 707 2664 aunis
718 2636 729 2657 ι
741 2629 751 2671 ,·
765 2623 792 2664 et
804 2612 868 2665 elini
885 2625 995 2685 noptato
1010 2613 1164 2666 oonduntur
1177 2610 1304 2666 Tibridos
1319 2613 1388 2664 alteo
1402 2637 1414 2660 ι
1426 2650 1434 2674 ,
1446 2622 1470 2663 et

417 2702 540 2744 -oentnm
553 2695 610 2744 00οἰ
620 2687 749 2744 olendum
759 2703 880 2745 vectes.

456 2769 519 2840 237.
530 2773 629 2823 Errant.
639 2770 832 2842 Septemdecim
842 2771 935 2824 Parius.
948 2785 975 2824 et
987 2780 1080 2824 omnes
1091 2783 1156 2823 vett
1171 2769 1247 2824 editt.
1261 2773 1360 2833 mett,
1373 2768 1409 2824 de
1419 2787 1471 2839 900
1563 2825 1564 2828 Ἴ

414 2850 583 2906 Gronovius:
599 2851 699 2916 Quem
710 2868 815 2904 sensnm
826 2851 975 2906 hebetidn
988 2851 1132 2921 Thyestes,
1143 2852 1218 2904 exsul
1230 2848 1352 2922 trepidus
1363 2865 1470 2920 0090000

413 2947 502 2982 meum
515 2929 676 3000 occupavit?
691 2931 749 2982 Hoc
763 2931 883 3000 prol'eoto
895 2949 949 2984 non
963 2943 1003 2986 est
1016 2949 1095 2981 errare
1102 2939 1147 3000 per
1157 2949 1241 3000 segne.
1257 2929 1350 2982 Potius
1359 2927 1473 2982 rescribe

413 3009 716 3063 commoreremi-
730 3007 1472 3080 30100οἆ0000,00000,001900009001)00,0100100000

413 3089 482 3142 cusis
493 3101 520 3142 et
533 3089 590 3142 MS.
606 3089 720 3160 Trujeot.
734 3048 954 3153 confirmatum,
946 3101 981 3141 tta
998 3101 1029 3141 nt
1043 3086 1077 3142 de
1089 3087 1219 3160 Thyeste.
1236 3107 1282 3160 qut
1275 3089 1383 3140 'ublato
1397 3105 1473 3140 smeo

413 3167 510 3233 triete,
520 3187 581 3222 cum
593 3170 698 3239 Aerope
714 3187 797 3222 uxore
812 3169 886 3220 Atrei
902 3168 1014 3239 fugerit,
1027 3171 1117 3222 erravit
1130 3168 1301 3238 intelligetur.
1315 3167 1473 3237 110010900-
1560 3221 1561 3224 ,

413 3266 465 3320 900
476 3265 484 3299 :
495 3247 572 3300 uNon
581 3245 741 3312 andiendus,
748 3247 852 3319 inquit,
862 3247 1022 3312 Gronovius,
1032 3248 1119 3318 quiex
1128 3247 1246 3300 Flos-eut.
1256 3247 1377 3317 reposuit
1387 3251 1471 3307 mvi,

413 3325 543 3398 siquidem
555 3345 608 3378 000
624 3326 721 3380 Atreus
735 3345 818 3397 regno
831 3328 922 3397 pulsus
933 3340 988 3391 est,
1000 3326 1047 3380 sed
1058 3329 1092 3380 ab
1103 3330 1184 3380 Atreo
1197 3325 1358 3397 Thyestes..
1374 3324 1421 3378 sed
1433 3343 1473 3376 re·

412 3418 463 3459 stat
478 3403 561 3459 eliud.
577 3403 687 3475 Aufugit
701 3405 777 3476 Argis
791 3405 920 3476 Thyestes
936 3425 943 3458 :
957 3405 1092 3478 quomodo
1106 3405 1189 3476 igitur
1206 3406 1258 3458 isoo
1275 3401 1338 3458 looo
1354 3403 1474 3456 Atreus?

417 3485 489 3537 ePor
508 3501 588 3555 regnu
605 3483 729 3556 trepidus
747 3486 819 3538 exsul
841 3486 939 3540 erravit
959 3503 1018 3538 mes
1031 3510 1056 3539 ι.
1077 3481 1168 3555 Ooyns
1190 3485 1277 3538 Poeta
1297 3481 1382 3536 redde
1402 3501 1473 3536 suam

345 3623 348 3633 ¹
414 3581 524 3618 manum
533 3565 598 3616 :Per
610 3583 685 3633 mgna
698 3565 802 3634 trepides
816 3566 886 3616 00001
894 3569 990 3617 emtis.
1005 3565 1064 3618 Meu
1075 3565 1138 3618 Pon
1149 3566 1217 3618 nulla
1228 3567 1323 3634 generis
1332 3575 1386 3614 tutu
1396 3563 1428 3613 03
1438 3569 1474 3612 10-

414 3643 481 3696 sidio
499 3655 586 3707 vacat,
604 3655 653 3697 eto.
666 3669 678 3690 ι
690 3645 746 3696 Nos
761 3643 919 3697 Florentino
937 3644 1047 3698 lectioni
1065 3642 1243 3707 adheretum,
1264 3643 1347 3714 quia,
1367 3639 1474 3694 admisu

415 3723 513 3788 alteru,
531 3723 633 3775 lshorut
648 3721 792 3775 admodum
811 3741 903 3776 sensus
920 3736 947 3776 et
963 3741 1053 3776 rerum
1069 3741 1211 3776 connexus.
1227 3720 1304 3787 Quid
1322 3722 1394 3774 enim
1409 3722 1473 3790 sapit

419 3803 530 3874 Thyestes
547 3805 635 3854 erravit
647 3821 693 3871 per
706 3821 779 3872 00900
797 3821 863 3867 mea,
884 3817 966 3874 quutn
987 3804 1132 3857 etiamnum
1153 3813 1224 3856 erret
1244 3802 1318 3854 exsul
1340 3798 1476 3872 trepidus?

415 3878 493 3933 udde
506 3879 579 3951 quod
594 3881 666 3933 nullu
680 3881 714 3934 sit
727 3883 873 3935 verborum
886 3882 1024 3954 oppositio
1039 3882 1109 3935 inter
1124 3883 1229 3953 trepides
1241 3901 1287 3951 per
1299 3899 1374 3949 mgna
1387 3883 1477 3931 erroeit

416 3971 443 4012 et
456 3959 519 4011 Pars
535 3960 602 4012 nella
615 3965 690 4013 nostri
705 3961 736 4012 ab
749 3962 842 4014 imidit’s
859 3974 946 4025 vacat,
967 3961 1088 4032 quemuis
1101 3962 1154 4015 hoo
1167 3960 1200 4014 ud
1217 3963 1342 4024 Atreum,
1361 3957 1427 4011 illud
1443 3957 1477 4010 sd

416 4037 559 4109 Thyestem
575 4038 669 4092 reierri
685 4040 777 4094 velint.
796 4041 865 4093 Mihi
881 4041 1047 4094 manifestum
1064 4053 1103 4094 est
1116 4041 1275 4094 calamitates
1287 4039 1412 4111 Thyesta
1427 4039 1479 4090 boc

415 4117 475 4170 loeo
494 4135 550 4170 000
568 4120 725 4186 memorari,
737 4136 797 4190 900
815 4133 922 4172 manent
934 4118 1022 4175 adhno
1040 4133 1068 4174 et
1086 4119 1212 4174 omnibns
1231 4120 1381 4190 eouspione
1401 4130 1478 4178 sunt,

415 4213 528 4266 quarum
543 4197 622 4250 001010
637 4197 733 4252 Auens
750 4217 807 4252 nou
826 4199 861 4252 itu
876 4196 1010 4270 sigillatim
1029 4200 1181 4254 meminisse
1193 4198 1274 4254 debet
1289 4216 1297 4252 t
1313 4216 1375 4251 suas
1389 4212 1480 4250 reeor-
