3090 5142
456 611 761 695 nissearsr'ro.
1044 624 1140 722 lxxxj

91 745 221 835 sequenti
237 761 315 810 actu
333 743 507 812 describat.
524 749 641 812 Tentat
654 770 766 812 rursus
779 745 916 810 Tiresias
931 747 1011 835 quid
1025 750 1143 836 possit,
1179 799 1184 810 .

92 869 117 916 et
128 853 156 914 in
169 851 360 939 propinquo
372 873 509 916 nemore
521 853 670 917 Tartarea
682 869 776 917 vocat
791 853 936 918 numina.
949 853 1145 942 Intelligitur

93 955 222 1038 tandem,
239 971 307 1019 tam
326 957 500 1046 multiplici
516 958 668 1023 insudate
683 959 809 1040 labore,
826 959 958 1023 oraculo
977 958 1142 1047 OEdipum

93 1062 232 1152 designari
257 1085 266 1125 s
303 1062 398 1150 quod
434 1087 511 1129 sane
542 1065 757 1153 spectantium
788 1063 925 1153 quilibet
951 1064 1143 1154 jampridem

95 1168 233 1232 edixisset.
301 1171 303 1176 ’

129 1272 200 1355 Quae
215 1287 408 1360 sequuntur
424 1274 459 1337 in
477 1274 630 1364 tragoedia
646 1275 761 1356 latina,
779 1297 896 1364 magna
911 1297 950 1338 ex
967 1291 1057 1362 parte
1071 1275 1145 1338 imi·

98 1377 177 1441 tanda
188 1375 325 1465 praebuit
343 1378 544 1467 Sophocles3
567 1381 629 1443 nisi
645 1376 751 1468 quod,
772 1381 806 1443 in
824 1379 962 1461 Nostro,
978 1379 1145 1470 OEdipum

21 1483 22 1560 f
98 1485 339 1572 interpretationi
357 1509 377 1550 a
392 1487 515 1550 Tiresia
532 1487 632 1551 allatae
653 1503 719 1552 tam
744 1486 950 1576 pertinaciter
968 1509 1147 1578 repugnare

21 1571 22 1592 ¹
98 1589 208 1654 minime
237 1613 278 1654 eu
313 1589 584 1659 antecedentibus
613 1613 707 1680 posse
740 1590 924 1657 credideris.
959 1591 1149 1680 Suspicante

99 1693 206 1760 demum
222 1695 381 1786 OEdipo',
397 1697 510 1760 Laium
526 1722 545 1761 a
559 1719 593 1761 se
608 1699 834 1779 interfectum,
851 1697 941 1761 adest
957 1699 1147 1762 Corinthius

99 1823 195 1883 nna,
213 1797 389 1866 mortuum
407 1801 570 1891 Polybum
588 1802 752 1866 nuntians.
774 1803 857 1866 Mire
876 1801 1007 1891 quidem
1030 1804 1148 1866 nuntio

100 1907 183 1970 utitur
192 1907 389 1996 Sophocles,
408 1930 510 1995 quum
526 1931 563 1972 ea
575 1908 644 1996 ipsa
660 1931 695 1972 re
711 1908 885 1972 vanitatem
902 1906 1024 1971 oraculi
1036 1924 1150 1996 argunt

21 2029 22 2044 ¹
101 2015 217 2096 locusta,
237 2037 306 2103 qua
333 2033 396 2078 vox
414 2011 501 2102 adyti
521 2035 596 2078 vera
617 2014 783 2103 probatur.
806 2015 877 2078 Hoc
896 2013 1003 2078 omitti
1022 2014 1150 2078 Senecae

21 2117 22 2122 ’
103 2119 215 2205 placuit,
230 2120 340 2208 etqui
356 2143 480 2184 moram
499 2119 561 2184 sibi
579 2118 749 2210 indulgere
762 2121 858 2203 solet,
878 2120 905 2184 si
917 2121 950 2183 in
965 2117 1151 2183 describen-

104 2221 161 2286 dam
173 2225 357 2312 regionem,
371 2240 427 2288 aut
443 2223 666 2314 depingendos
678 2225 829 2307 affectus,
843 2242 899 2289 aut
911 2224 1151 2289 concinnandas

105 2331 251 2394 sententias
280 2328 422 2412 incidit,
447 2345 534 2394 tanta
561 2351 652 2396 nunc
681 2331 843 2398 eeleritate
870 2329 1087 2418 progreditur,
1115 2349 1152 2396 ut

21 2495 22 2520 ,
102 2433 291 2512 judicandum
306 2435 404 2499 nobis
415 2435 466 2518 sit,
476 2453 586 2501 utrum
596 2438 756 2527 insignem
766 2437 1151 2526 poetaegraecisolertiam,

105 2539 176 2625 quod
186 2541 236 2604 rix
250 2541 429 2628 quisquam
443 2541 620 2624 existimet,
636 2543 825 2630 neutiquam
837 2541 946 2606 animo
960 2543 1095 2630 ceperit‘,
1110 2564 1151 2606 an

105 2645 188 2709 eciem
198 2647 282 2711 etde
297 2645 459 2710 industria
473 2647 665 2738 neglexerit,
682 2647 722 2712 ad
738 2648 813 2714 alias
824 2663 908 2712 artes
922 2669 1106 2712 conversus.

138 2753 179 2814 De
191 2753 316 2818 Seneca
333 2751 489 2816 hactenus
508 2753 552 2817 ita
573 2753 707 2818 tulimus
723 2751 899 2835 judicium,
919 2769 958 2817 ut
974 2750 1016 2816 ad
1034 2775 1153 2842 graecos

106 2877 212 2945 semper
237 2873 353 2946 poetas
376 2859 629 2946 respexerimus,
656 2859 852 2948 quibuscum
876 2859 918 2923 ab
943 2857 1058 2923 eodem
1081 2851 1155 2923 loco

106 2963 247 3049 profectus
264 2980 332 3047 est,
350 2963 408 3029 sed
420 2964 586 3032 diversum
600 2966 662 3030 iter
673 2968 826 3030 facturus.
842 2967 912 3030 Jarn
927 2965 1034 3056 ipsurn
1048 2965 1155 3030 intue-

28 3148 32 3156 .
106 3067 206 3153 bimur,
217 3072 312 3134 omni
326 3071 450 3135 sublata
461 3072 649 3157 collatione,
665 3089 698 3138 et
709 3071 783 3137 ideo
800 3073 936 3162 eligetur
949 3073 1018 3153 ejus
1029 3071 1152 3154 fabula,

106 3175 181 3253 cujus
207 3176 338 3240 nullum
362 3199 463 3266 graeca
488 3179 661 3267 antiquitas
689 3179 851 3267 exemplar
873 3176 1021 3264 reliquit,
1045 3193 1078 3241 et
1102 3177 1155 3242 cui

107 3280 249 3369 singulare
280 3282 370 3346 latini
403 3299 505 3371 poetae
535 3283 704 3373 ingenium
736 3305 834 3372 quarn
868 3283 1006 3346 maxime
1036 3281 1157 3348 eminet

107 3407 293 3473 impressum.

140 3493 176 3556 ln
190 3493 350 3582 Tbyestc,
367 3491 408 3556 de
421 3515 488 3582 quo
501 3493 556 3557 hic
569 3493 686 3582 agitur,
701 3491 856 3556 nonnulla
871 3508 1050 3556 occurrunt
1061 3492 1156 3558 laude

107 3595 299 3688 dignissima,
315 3599 374 3664 sed
389 3600 541 3688 pleraque
557 3599 635 3664 falsa
651 3615 780 3663 tument
795 3597 1027 3689 magnitudine.

21 3775 22 3782 χ
141 3707 347 3772 Praemittitur
360 3707 504 3796 quaedam
520 3707 647 3796 prologi
663 3708 786 3788 forma,
800 3705 1062 3794 colloquentibus
1076 3707 1157 3772 Tan·

21 3863 22 3870 ,
107 3810 161 3875 talo
176 3829 208 3877 et
224 3836 290 3876 una
305 3813 479 3894 furiarum,
493 3835 564 3900 quae
582 3813 622 3876 ab
634 3812 762 3876 inl‘drno
778 3833 904 3877 carcere
921 3813 954 3876 in
969 3814 1056 3878 Atrei
1074 3814 1158 3878 aedes

106 3941 172 3980 eum
188 3919 290 3983 traxit.
307 3917 433 3982 luscius
446 3941 518 4006 quae
535 3917 596 3982 sibi
609 3932 773 4006 parentur,
790 3917 944 3984 Tantalus
960 3921 1046 3985 varia
1061 3942 1159 4009 super
1255 3917 1265 3944 '

107 4046 137 4086 ea
151 4047 185 4089 re
200 4024 320 4090 absone
333 4022 483 4104 conjicit:

431 4163 538 4237 Sisyphi
548 4163 676 4237 numquid
684 4163 757 4235 lapis

236 4247 387 4304 Gestendus
396 4250 515 4304 humeris
527 4252 646 4306 lubricus
659 4251 756 4304 uostris
769 4249 854 4304 reniti¹
