3210 5140
364 534 431 602 162
551 526 605 594 IN
634 523 920 593 HERCULEM
946 523 1227 592 FURENTEM

357 678 456 716 sensus.
476 657 504 710 Si
524 657 582 727 quis
604 654 682 708 metri
704 652 884 724 integritatem
901 651 996 705 violari
1015 663 1106 724 putet,
1126 669 1255 722 reppoeens
1273 651 1359 721 legat,
1380 665 1427 706 aut

358 737 508 794 meminerit
522 754 591 808 sape
607 755 633 786 re
645 731 760 805 produci
774 733 1007 805 incompositione
1021 749 1028 784 :
1043 732 1080 784 sic
1094 730 1174 785 Ovid.
1190 731 1299 784 Metam.
1313 731 1352 795 Χ,
1371 735 1427 796 ι8,

361 847 372 868 a
383 822 416 872 ln
435 836 516 890 quem
535 813 679 869 recidimus
696 811 830 884 quidquid
846 812 957 865 mortale
976 829 1099 864 creamur
1111 836 1122 858 ι
1134 830 1142 876 ;
1156 812 1192 864 sie
1204 810 1312 864 Lueret.
1328 811 1355 875 1,
1368 810 1426 874 ³5,

360 897 475 970 ·ttejicit
487 909 586 952 eterno
607 891 747 960 devinctus
763 893 871 944 volnere
887 890 985 944 amoris
993 917 1005 938 ι
1015 909 1023 958 ;
1035 890 1101 956 etl,
1114 893 1185 955 008,
1200 916 1212 938 ι
1223 887 1303 942 Unde
1314 889 1427 942 animale

359 997 441 1052 geum
451 975 596 1048 generatim
605 971 742 1028 inlumina
750 971 812 1026 rita
821 969 937 1024 Reducit
945 971 1051 1033 Venus,
1061 967 1253 1024 autreductum
1265 967 1366 1022 dedda
1376 971 1428 1022 tel·

360 1059 401 1111 lua
417 1054 497 1109 Unde
513 1053 599 1108 alitt·
614 1066 641 1108 et
655 1052 710 1108 111.
724 1055 780 1120 69,
795 1051 947 1122 «11010ςὶ000
962 1050 1055 1103 volunt
1067 1051 1179 1121 10οςομ
1191 1049 1229 1102 sic
1238 1049 1316 1120 Virg.
1327 1049 1425 1120 θεοῖς.

361 1139 413 1202 IV,
430 1135 501 1199 233,
518 1162 529 1182 ι
541 1132 641 1186 Oceani
656 1144 757 1202 spretos
771 1128 840 1202 pede
854 1129 954 1202 repulit
967 1147 1056 1182 amnes
1074 1155 1085 1175 ι
1098 1168 1106 1196 ,
1121 1139 1170 1182 etc.
1185 1125 1266 1180 Unde
1281 1127 1424 1182 Porcelliu.

363 1217 392 1269 in
403 1215 480 1269 lexic.
496 1211 544 1266 «In
555 1210 671 1266 canuiue
683 1230 707 1262 re
716 1210 772 1263 lere
782 1209 942 1281 corripitur,
952 1223 991 1274 et,
1002 1221 1032 1262 ut
1041 1207 1218 1280 producatur,
1225 1209 1321 1278 jubent
1331 1207 1427 1262 Gram-

362 1295 452 1348 matioi
462 1304 614 1365 sequentem
626 1301 814 1344 consonantem
825 1288 968 1360 geminari,
980 1300 1010 1340 ut
1025 1288 1054 1342 in
1066 1288 1171 1358 telligit,
1184 1287 1285 1348 attulit,
1300 1287 1426 1359 relliqsioe,

363 1387 410 1430 aut
421 1373 536 1428 vocalem
548 1384 579 1424 ut
593 1372 620 1424 in
630 1371 719 1440 rejicio.
729 1368 781 1422 Alii
791 1381 878 1422 umen
890 1379 1009 1432 censent,
1016 1368 1095 1420 etiam
1110 1368 1167 1420 sine
1177 1367 1222 1419 illa
1235 1366 1429 1437 geminatione.

362 1451 477 1526 produci
487 1469 563 1523 posse
571 1488 579 1516 ,
586 1467 670 1521 quum
680 1449 715 1501 sit
725 1447 920 1518 monosyllaba3
931 1447 1080 1501 Brouckns.
1089 1445 1123 1500 sd
1132 1447 1253 1518 Propert.
1265 1446 1315 1511 tv,
1323 1447 1387 1517 eleg.
1401 1449 1429 1513 8,

364 1552 392 1586 v.
409 1532 622 1598 44,Το0100000.
644 1526 679 1582 sd
692 1528 779 1580 Plaut.
796 1527 868 1582 Pers.
884 1539 934 1579 act.
947 1527 998 1590 IV,
1009 1545 1079 1580 soen.
1100 1530 1135 1592 6,
1146 1545 1173 1580 r.
1187 1526 1218 1590 35
1231 1525 1299 1579 Piae.
1314 1524 1349 1578 ad
1368 1527 1428 1581 AEn.

366 1614 396 1680 1,
409 1610 559 1676 34461100.
575 1609 604 1662 in
615 1607 671 1660 ind.
681 1609 787 1660 Lucret.
798 1605 892 1676 Soulip.
900 1605 1118 1670 Heins.Vossius,
1126 1623 1194 1676 quos
1206 1618 1311 1658 secutam
1322 1605 1430 1676 collegit

367 1689 570 1744 Drakenborch.
590 1685 623 1740 nd
643 1686 902 1756 sit.1,309;quae
925 1702 1017 1756 magna
1037 1685 1076 1738 rei
1096 1685 1219 1739 lites-arias
1238 1684 1348 1738 nomina
1366 1685 1428 1738 satis

366 1771 462 1842 cuique
475 1769 525 1822 bac
539 1769 567 1821 in
582 1784 611 1820 re
624 1765 706 1819 fidem
721 1765 830 1818 fuciunt.
842 1791 854 1812 s

403 1849 452 1903 38.
468 1850 561 1918 Tingit.
578 1847 610 1899 In
623 1844 708 1900 tribus
718 1845 793 1900 MSS.
806 1844 887 1897 Paris.
902 1846 991 1908 8004,
1006 1844 1097 1914 8009,
1110 1844 1202 1908 8055,
1215 1845 1304 1912 tnagis,
1320 1840 1393 1914 qnod
1404 1855 1431 1897 et

365 1929 498 2001 Scaligero
510 1928 627 1998 primum
642 1923 740 1978 arrisit.
751 1923 865 1995 Vulgata
875 1921 1016 1976 efficacior.
1024 1923 1213 1993 -AEtlu'opas.
1226 1921 1316 1992 AEgid.
1330 1921 1429 1976 Isosrd.

365 2013 460 2062 Arent.
480 2006 608 2060 Commel.
624 2003 753 2076 AEtlsiopes
772 2003 913 2074 pretulere
930 2021 938 2054 :
954 2002 1034 2067 fals03
1050 2021 1147 2055 nomeu
1164 2021 1179 2055 a
1196 2002 1289 2056 Grssoo
1309 2021 1430 2056 sermone

367 2087 495 2150 ductum,
506 2079 603 2156 011104,
618 2083 742 2136 Graecum
756 2081 934 2136 accusativum
946 2081 1065 2135 retinuit.

410 2167 456 2236 39.
475 2165 538 2218 Toto
555 2165 621 2216 deus.
638 2162 718 2215 Putat
731 2162 789 2214 Nic.
806 2161 942 2226 Heinsius,
960 2180 974 2213 a
990 2159 1088 2214 Baden.
1101 2161 1211 2226 citatus,
1225 2160 1324 2215 rectius
1338 2162 1395 2214 l'ore
1409 2160 1431 2214 si

368 2259 418 2298 toto
429 2247 499 2298 mssa
511 2243 657 2308 scribatur;
670 2239 790 2296 nondum
806 2241 877 2296 enim
891 2240 1033 2294 Herculem
1046 2239 1127 2294 deum
1140 2259 1204 2294 esse.
1216 2240 1279 2294 Vid.
1293 2259 1352 2312 quse
1361 2253 1433 2293 nota·

367 2327 453 2380 rimus
485 2363 492 2376 .
510 2326 536 2377 8.

409 2343 537 2470 amposta
544 2403 612 2469 sera.
625 2401 658 2452 ln
674 2401 799 2454 omnibus
811 2401 867 2453 fere
879 2399 955 2453 MSS.
970 2411 997 2452 et
1011 2400 1133 2471 principe
1147 2400 1224 2453 Fero.
1238 2398 1357 2453 editione
1368 2399 1432 2470 legi·

369 2497 416 2538 tur
433 2483 489 2551 Quo
496 2481 563 2548 sera.
580 2477 632 2533 Sed
650 2479 707 2533 MS.
726 2478 801 2550 0395
817 2492 844 2534 et
859 2477 935 2533 editt.
949 2477 1050 2533 Isoard.
1066 2477 1154 2552 AEgtd.
1170 2479 1268 2534 Philol.
1285 2480 1347 2550 (lstoe
1355 2481 1430 2547 seru,

369 2561 514 2634 simplicius
527 2573 555 2613 et
568 2559 662 2630 aptius.
676 2589 716 2600 -
727 2559 833 2628 Queant.
847 2557 949 2612 Isosrd.
965 2572 992 2612 et
1007 2557 1095 2631 AEgid.
1109 2573 1204 2631 quaeest.

411 2642 457 2706 45.
475 2640 539 2709 Qua
554 2641 640 2690 tinuit.
654 2637 759 2709 Lipsius
775 2657 806 2692 ea
818 2636 920 2711 judicio
934 2652 1039 2692 tantum
1053 2657 1101 2695 suo
1111 2640 1204 2692 41000011
1216 2657 1266 2710 pro
1282 2636 1434 2691 0100110010-

370 2717 535 2776 stituendum
555 2717 722 2790 pronuntiat.
736 2715 875 2782 Quorsus?
891 2717 943 2771 nisi
957 2730 1081 2790 oporteat
1098 2718 1241 2774 Herculem
1256 2717 1318 2772 ideo
1333 2717 1434 2770 timoris

369 2812 503 2873 expertem
518 2798 615 2862 fuisse,
629 2795 702 2868 quod
713 2797 815 2852 vicerit.
831 2795 883 2851 Sed
897 2797 925 2850 in
937 2797 988 2851 hac
1001 2799 1057 2868 ipsa
1071 2798 1212 2870 msgoedia,
1226 2819 1253 2852 v.
1267 2799 1341 2870 793,
1358 2801 1435 2848 tissttit

369 2893 475 2951 maeque,
492 2878 509 2930 i.
524 2895 549 2931 e.
562 2876 689 2930 Hercules
702 2888 728 2929 et
741 2877 882 2930 Cerberus.
895 2875 994 2930 Omnes
1007 2877 1083 2931 MSS.
1095 2879 1180 2932 nostri
1190 2897 1245 2951 quta
1258 2881 1337 2930 tieusit
1346 2889 1371 2928 et
1381 2895 1434 2949 qsoe

369 2961 444 3022 sudis,
459 2967 571 3028 excepto
586 2975 658 3018 uno,
670 2955 718 3026 qui
734 2967 758 3007 et
773 2977 827 3026 quoe
835 2959 907 3028 sugit
921 2957 1038 3010 exhibet.

412 3046 457 3108 49.
470 3039 547 3090 Perit.
557 3035 680 3105 Plerique
687 3036 764 3089 Mss,
772 3036 868 3090 Parias.
878 3039 949 3106 petit,
961 3035 1035 3108 quod
1046 3048 1074 3090 et
1084 3035 1112 3088 in
1124 3037 1220 3090 Philol.
1233 3048 1260 3089 et
1269 3037 1352 3090 soris.
1363 3053 1437 3108 repe«

370 3120 449 3182 ritus,
460 3134 532 3169 vano
540 3133 570 3170 ac
581 3133 665 3187 prope
678 3115 753 3168 nullo
765 3134 854 3170 sensu.
867 3116 946 3169 reru.
958 3114 1059 3169 isoard.
1072 3115 1158 3188 AEgid.
1171 3120 1278 3170 Ascens.
1292 3129 1319 3169 et
1333 3115 1432 3167 Fabric.

370 3217 431 3251 cum
445 3195 501 3254 lllS,
516 3195 603 3260 8035,
614 3193 647 3246 ad
656 3193 791 3266 vulgatam
799 3194 1030 3266 peritlirmsndam
1042 3196 1221 3250 consentiunt.
1228 3195 1311 3250 Jubet
1322 3194 1435 3248 Hotbeus

370 3275 464 3330 excudi
472 3281 546 3346 perit,
559 3275 576 3328 i.
590 3292 615 3326 c.
627 3277 709 3346 periit,
724 3274 798 3347 quod
809 3275 848 3328 illi
859 3272 967 3328 videtur
978 3275 1106 3330 sententia
1119 3276 1265 3349 requirere.
1277 3276 1435 3354 Quanquam

302 3401 305 3414 .
370 3369 460 3409 autem
474 3352 629 3427 hujusmodi
644 3353 792 3408 contractio
807 3373 863 3408 000
878 3355 960 3408 semel
974 3354 1047 3427 apud
1060 3355 1187 3410 Nostrum
1201 3355 1335 3418 occumit,
1347 3371 1437 3405 nonne

370 3435 495 3489 hocloco
509 3431 608 3505 aliquid
623 3430 740 3486 vividius
752 3452 868 3506 presens
881 3445 986 3505 tempus
998 3453 1077 3507 qnam
1091 3435 1256 3506 preteritum
1270 3431 1369 3487 babet?

412 3513 458 3568 Sa.
474 3513 596 3566 Vinctum.
619 3513 752 3583 Recepere
768 3517 859 3566 uictum
876 3514 995 3568 Gronov.
1018 3515 1128 3584 Bipont.
1149 3514 1227 3566 Both.
1250 3531 1282 3566 ex
1301 3509 1438 3565 nonnullis

370 3593 446 3646 MSS.
467 3604 493 3645 et
513 3605 576 3646 vett.
595 3589 671 3646 editt.
689 3591 788 3648 Contra
804 3591 904 3646 Baden.
923 3611 955 3646 ex
974 3592 1129 3662 Pbilologo,
1148 3591 1290 3654 Ameneia,
1309 3590 1437 3652 Avantio,

369 3671 509 3737 Fabricio,
525 3675 631 3724 vinetum
646 3669 769 3738 admisit,
782 3673 899 3744 primum
913 3663 1014 3741 (1798)
1032 3672 1060 3724 in
1078 3685 1172 3738 notas,
1186 3684 1277 3743 postea
1294 3661 1397 3739 (18²1)
1410 3669 1437 3721 in

369 3765 483 3806 textum.
501 3750 570 3803 Huic
585 3750 762 3821 suffragantur
774 3748 923 3806 Scbroederi
937 3751 1105 3823 Trsjectinus
1117 3749 1201 3806 codes
1219 3763 1248 3804 et
1264 3747 1388 3804 undecim
1406 3765 1437 3802 es

369 3830 465 3884 Pariss.
477 3829 573 3884 nostris
581 3868 588 3895 ,
597 3841 638 3894 et,
646 3829 720 3901 quod
732 3827 910 3884 decretorium
923 3841 976 3894 est,
991 3849 1082 3885 sensus
1092 3843 1120 3885 et
1130 3848 1223 3884 rerum
1236 3828 1437 3884 convenientis:

369 3912 424 3981 jam
439 3909 527 3972 enim,
540 3927 566 3960 v.
584 3909 637 3974 48,
651 3912 715 3962 vieti
723 3913 786 3980 regie
798 3910 926 3980 legimus,
939 3927 989 3964 nec
1004 3908 1080 3965 decet
1093 3909 1163 3964 idem
1176 3909 1244 3964 illud
1257 3911 1310 3968 hoc
1324 3909 1383 3962 1000
1395 3925 1437 3960 re·

371 3988 439 4054 dire,
448 4006 541 4060 quum,
549 3999 682 4041 crescente
695 3989 748 4054 ira,
761 3989 883 4042 inausum
896 3989 997 4060 aliquid
1004 3991 1078 4044 inno
1091 4003 1117 4044 et
1131 3989 1294 4044 incredibilis
1307 3987 1436 4050 audacie,

372 4069 401 4121 in
411 4071 539 4139 majorem
548 4065 675 4128 inyidiam
685 4067 823 4134 Herculis,
837 4070 984 4140 excogitare
996 4071 1106 4125 laboret.
1116 4071 1199 4124 Venit
1209 4083 1298 4124 autem
1306 4067 1437 4140 aptissime

371 4167 504 4218 oppressum
515 4159 575 4216 post
586 4149 709 4200 vinetum:
726 4149 798 4202 «Cur
814 4167 868 4202 000
881 4149 1023 4204 Plutonem
1038 4151 1155 4205 vinctum
1169 4149 1268 4204 catenis
1280 4149 1378 4214 trabit,
1388 4163 1436 4198 nec

372 4229 492 4280 vinctum
504 4224 601 4296 niodo,
613 4225 659 4280 sed
672 4228 847 4299 oppressum?
860 4254 871 4276 s
