3118 5138
363 527 415 602 IN
442 527 710 598 TRAGOEDIIS
735 529 927 599 SENECAE.
1119 531 1173 600 cix

108 654 160 719 sed
177 655 318 718 maxime
335 654 369 718 in
393 655 444 718 his
460 653 657 721 dictionibus
668 679 726 745 per
741 659 916 746 synaeresin
932 659 1068 740 eoactis;
1086 659 1175 724 unde

23 757 25 864 l
108 783 173 825 non
196 759 407 849 exploderem
427 760 559 824 alteram
577 763 740 844 vocalem,
765 787 861 851 quam
893 763 1029 828 demunt
1056 761 1108 828 alii
1138 766 1172 828 in

107 868 183 956 ipsis
201 869 287 932 infra
304 869 431 956 scriptis
446 869 566 950 serbis,
583 870 616 932 in
636 871 756 957 quibus
774 871 868 958 plane
884 887 933 934 est
944 870 1088 953 iambus,
1104 895 1170 936 non

23 965 24 1012 l
106 975 332 1062 pyrrhichius:
352 975 542 1064 Complexus
553 975 653 1042 abur:
667 977 785 1043 Eversa
795 980 913 1066 perit't:
928 978 1082 1064 Petritque
1097 1001 1170 1066 sup·

99 1081 180 1167 plere
194 1104 206 1142 :
222 1080 335 1144 saltem
350 1082 434 1144 utin
452 1080 782 1168 temporibussensus
799 1082 840 1145 sit
857 1083 956 1171 magis
972 1082 1096 1146 obrius.

23 1169 24 1186 Χ
146 1189 205 1251 Ille
221 1211 354 1276 quoque
368 1188 498 1269 fallitur,
508 1189 565 1276 qui
579 1190 612 1251 in
631 1189 776 1254 secundo
787 1205 862 1254 actu
875 1205 993 1254 octavae
1008 1188 1167 1280 tragoedia

108 1293 407 1383 (Agamemnonis)
423 1294 551 1384 legens,

247 1435 283 1488 Et
293 1435 340 1507 qui
352 1433 441 1490 redire
451 1438 544 1508 (quum
554 1436 641 1507 periit)
654 1437 738 1489 nascit
750 1435 837 1507 pudor
846 1455 855 1500 ς

106 1601 135 1648 et
169 1585 203 1646 in
233 1584 381 1648 secundo
408 1586 546 1652 Octariae
576 1585 703 1673 legens,
737 1585 854 1649 Aliena
871 1585 964 1648 telis:
985 1600 1044 1649 aut
1054 1588 1165 1672 petiit,
1221 1566 1224 1574 .

105 1689 205 1753 credit
217 1713 287 1754 esse
299 1707 496 1779 anapaestum
512 1692 546 1755 in
564 1709 679 1779 quarta
692 1691 767 1758 sede
777 1675 852 1778 ,qui
867 1707 974 1755 tamen
990 1692 1070 1755 inibi
1085 1715 1166 1754 nun-

106 1819 200 1884 quam
221 1796 405 1880 invenitur3
424 1798 499 1862 licet
515 1797 751 1862 adolescentior
775 1819 850 1860 cum
871 1797 991 1860 caeteris
1015 1797 1179 1860 omnibus.

104 1901 257 1992 deceptus
284 1903 414 1967 luerim.
452 1905 495 1967 Ut
517 1920 684 1992 praeterea,
705 1902 795 1991 quod
828 1904 951 1985 sentio,
976 1904 1165 1991 exprimam,

105 2009 235 2094 quando
254 2009 361 2097 prima
382 2008 589 2098 producitur,
607 2009 713 2096 Objiee
731 2007 904 2072 scriberem
926 2009 1051 2097 potius,
1068 2033 1162 2096 quam

106 2113 212 2194 Obice,
238 2130 279 2178 ut
297 2115 433 2180 verbum
452 2138 471 2178 a
492 2115 625 2179 nomine
644 2115 751 2178 statim
776 2113 993 2204 dignoscatur.
1010 2115 1162 2204 Legerem

104 2238 206 2283 tamen
224 2236 258 2284 et
283 2221 470 2302 scriberem,
487 2221 552 2284 Per
568 2222 672 2284 decem
694 2245 833 2284 mensum
846 2243 976 2306 graves,
996 2244 1057 2307 pro
1075 2243 1163 2284 men·
1245 2239 1251 2244 ·

103 2328 174 2388 sium
186 2349 199 2386 .·
213 2347 291 2388 nam
308 2342 346 2388 ut
364 2325 451 2414 apud
463 2327 541 2390 alios
560 2326 688 2390 Latinos
707 2342 872 2412 auctores,
891 2326 983 2389 sicet
1001 2324 1087 2413 apud
1104 2326 1160 2390 Se·

104 2452 228 2511 neoem,
245 2431 436 2494 scribuntur
452 2449 484 2496 et
500 2431 653 2520 leguntur
666 2432 715 2496 hae
733 2430 910 2513 dictiones,
928 2447 965 2494 ut
981 2446 1081 2494 metra
1103 2429 1160 2494 de·

102 2553 245 2623 poscunt.
254 2537 299 2599 Ut
309 2560 412 2624 quum
427 2538 460 2600 in
471 2538 591 2601 Seneca
602 2537 841 2626 legitur,Tuque
857 2535 1011 2600 caelestum
1028 2536 1158 2614 arbiter,

102 2663 154 2728 pro
173 2641 367 2721 caelestium,
389 2659 422 2706 et
445 2641 533 2730 apud
552 2642 715 2706 Catullum
737 2641 812 2704 Flos
835 2642 1064 2722 Veronensum,
1087 2650 1158 2728 'pro

104 2745 324 2810 Veronensium
333 2795 343 2826 ‚
357 2747 391 2808 in
407 2745 596 2827 hujusmodi
613 2769 674 2835 ego
692 2746 806 2827 ectasi,
822 2762 879 2810 aut
894 2747 1088 2827 molossum,
1103 2763 1160 2810 aut

101 2852 249 2915 creticum
268 2851 386 2940 pedem
406 2852 584 2916 exhorreo:
600 2851 642 2914 ad
658 2874 755 2939 quem
774 2852 942 2915 confestim
960 2851 1082 2939 absque
1101 2874 1159 2914 ne·

101 2959 240 3022 cessitate
264 2958 410 3046 plerique
435 2973 656 3038 concurrunt,
681 2973 846 3045 tamquam
868 2957 909 3022 ad
932 2955 1157 3022 solidissimam

99 3063 279 3128 anchoram.
300 3064 434 3127 Interim
453 3064 521 3126 haec
543 3064 584 3126 sit
601 3079 710 3126 nostra
727 3063 903 3145 sententia,
922 3063 997 3126 licet
1017 3062 1160 3149 aliquan·

99 3166 135 3231 do
147 3192 242 3234 secus
255 3170 418 3259 scripserit
431 3171 481 3235 vir
497 3169 730 3234 eruditissimus
745 3186 777 3232 et
788 3169 998 3233 amicissimus
1013 3191 1020 3231 ε
1038 3184 1070 3231 at
1087 3191 1153 3230 non

97 3295 216 3363 semper
231 3275 320 3338 idem
338 3291 386 3339 est
401 3275 497 3340 unius
507 3274 676 3356 judicium.
693 3274 788 3339 Unde
802 3275 947 3362 quamvis
965 3274 1033 3336 haec
1046 3271 1152 3336 studia

96 3377 180 3466 (quae
196 3377 407 3444 humanitatis
430 3381 610 3468 appellant)
638 3379 816 3460 rarissime,
845 3401 904 3442 nec
923 3378 983 3441 nisi
1001 3393 1150 3452 coactus,

96 3485 242 3566 revisam,
277 3487 395 3549 multas
426 3503 533 3552 tamen
568 3484 827 3549 inventiunculas
858 3499 982 3548 nostras
1008 3483 1152 3546 alacriter

95 3586 261 3654 damnavi:
278 3607 313 3653 et
329 3589 374 3678 (si
388 3589 558 3676 acciderit)
575 3591 735 3678 meipsum
751 3588 946 3678 redarguens
959 3589 1151 3676 scriptorum

95 3717 239 3760 meorum
256 3697 419 3785 ingenuus
431 3719 487 3761 ero
503 3711 641 3760 exactor.
654 3697 757 3785 Igitur
772 3710 895 3783 repeto,
910 3694 942 3757 in
959 3695 1021 3775 his,
1036 3710 1073 3757 ut
1086 3717 1155 3758 ver·

23 3831 24 3834 ¹
93 3801 138 3862 sui
151 3801 325 3881 convenit,
341 3801 386 3863 ita
402 3799 626 3882 scribendum,
641 3823 729 3863 nunc
745 3800 931 3887 legentium,
947 3822 1036 3862 nunc
1052 3797 1153 3884 legen·

92 3919 152 3968 tum
170 3931 183 3969 :
203 3922 245 3970 ut
259 3907 413 3970 annotari
433 3907 466 3970 in
483 3929 556 3970 meo
573 3905 685 3970 codice
706 3907 863 3992 impresso
883 3905 914 3967 in
939 3904 1061 3968 aedibus
1081 3903 1150 3968 Aldi

91 4033 173 4075 anno
190 4011 418 4076 cloloxvrr.

958 4203 1004 4300 g3
