3090 5142
365 470 421 563 xvj
757 475 1039 545 raaramo

411 603 508 670 Inter
523 602 702 673 Parisinos
720 604 860 678 codices
877 591 1157 702 manuscriptos,
1170 604 1251 702 eligi
1269 629 1330 676 eos
1349 607 1437 702 pri-

364 746 462 794 murn
484 723 572 793 mihi
594 725 777 822 placuerat
798 729 862 824 qui
883 743 920 798 et
936 729 1165 824 antiquitate,
1183 742 1219 798 et
1240 730 1436 826 scripturae

362 867 446 915 cura
463 844 642 942 digniores
658 847 730 920 fide
746 851 1043 947 comperirentur.
1064 848 1133 922 Sed
1154 874 1265 947 quum
1282 841 1432 952 nullum

361 969 578 1058 invenirem,
596 973 659 1068 qui
679 987 761 1043 ante
780 973 949 1044 saeculum
969 973 1148 1044 decimum
1163 987 1332 1070 quartum
1345 997 1432 1043 exa-

361 1105 459 1160 ratus
480 1089 606 1180 suerit,
627 1092 728 1190 quod
749 1096 970 1166 auctoritatis
990 1092 1157 1168 demebat
1175 1095 1339 1165 codicum
1359 1121 1428 1165 uo-

253 1230 254 1234 ’
360 1215 631 1301 vitas,numero
651 1217 775 1289 saltem
795 1217 1039 1316 supplendum
1060 1219 1275 1305 existimavi,
1298 1217 1426 1290 conle-

359 1339 563 1437 rendasque
580 1341 674 1412 inter
694 1366 731 1414 se
754 1357 790 1414 et
812 1367 895 1413 cum
921 1343 1025 1414 editis
1042 1340 1142 1412 libris
1164 1343 1346 1412 universas
1367 1344 1424 1412 Bi-

359 1461 549 1534 bliothecae
569 1467 687 1563 Regiae
712 1464 939 1538 membranas
963 1466 1123 1563 suscepi;
1147 1489 1221 1536 non
1245 1489 1423 1563 quaecum·

361 1611 433 1684 que
455 1586 646 1660 manifesto
664 1587 894 1661 librariorum
914 1614 1056 1677 errore,
1080 1603 1204 1660 contra
1227 1590 1421 1660 sententia-

358 1733 441 1780 rum
468 1714 709 1808 integritatem
738 1728 774 1783 et
803 1715 907 1785 metri
934 1713 1048 1812 leges,
1072 1718 1269 1810 irrepsere,
1295 1713 1421 1785 sedulo

359 1833 555 1923 relaturus;
579 1835 641 1908 sed
665 1861 710 1908 ex
735 1836 793 1907 illa
818 1841 994 1908 variamm
1016 1836 1211 1907 lectionum
1234 1835 1330 1932 sylva
1357 1860 1420 1907 ex·

358 1973 567 2056 cerpturus,
583 1985 663 2057 qute
678 1959 773 2031 salva
786 1975 863 2031 tum
880 1961 1055 2047 oratione,
1066 1973 1145 2029 tum
1160 1960 1420 2056 compositione

358 2083 656 2181 carminis‘recipi
674 2098 831 2181 possent.
852 2087 904 2153 Ex
924 2083 979 2155 his
1001 2080 1238 2166 membranis,
1263 2096 1421 2178 quatuor

358 2205 610 2277 tantummodo
645 2207 689 2277 ad
718 2208 886 2278 saeculum
913 2206 1093 2278 decimum
1125 2220 1292 2303 quartum
1324 2203 1419 2277 rele-

356 2344 504 2418 runtur,
519 2329 629 2418 8260,
646 2331 751 2417 8026,
764 2331 871 2430 6395,
889 2329 999 2419 8055;
1013 2346 1165 2418 caetera,
1179 2329 1224 2400 ad
1239 2329 1418 2400 decimum

357 2454 538 2550 quintum.
560 2455 746 2551 Praecipuae
771 2467 856 2524 sunt
883 2452 1020 2524 librarii
1046 2453 1171 2550 peritia
1196 2467 1233 2523 et
1253 2467 1418 2524 accurato

356 2578 540 2674 scripturae
566 2578 702 2665 nitore,
731 2601 811 2674 quae
838 2591 1010 2647 notantur
1033 2577 1141 2673 signis
1162 2575 1276 2664 8260,
1305 2576 1417 2664 8026,

250 2679 254 2691 “
357 2697 467 2785 3030,
488 2698 600 2784 3035,
623 2699 737 2787 3033,
760 2697 873 2785 3060,
899 2696 1012 2787 3036,
1033 2699 1144 2785 3003,
1167 2697 1280 2786 3030,
1304 2698 1415 2796 33ῃ;

354 2821 502 2919 reliquae
524 2821 625 2891 nullo
644 2819 861 2892 mendorum
882 2836 1005 2892 carent
1022 2845 1170 2916 genere,
1190 2845 1268 2918 quae
1293 2845 1418 2892 occur·

355 2969 434 3016 rere
457 2946 494 3015 in
514 2943 719 3041 vulgaribus
740 2947 838 3015 MSS.
865 2943 993 3015 solent.
1016 2943 1167 3024 Videtur
1188 2942 1301 3016 codex
1324 2945 1416 3018 8035

356 3083 418 3138 aut
437 3093 481 3138 ex
502 3066 659 3137 editione
680 3070 758 3137 Car.
778 3065 957 3136 Fernandi
979 3081 1163 3154 exaratus,
1192 3080 1255 3137 aut
1278 3091 1416 3140 summa

356 3216 442 3262 cura
454 3188 657 3276 consectus,
676 3189 720 3259 ad
739 3191 842 3285 cujus
861 3192 1088 3288 propositum
1105 3189 1288 3288 exemplar
1304 3190 1415 3264 editio

354 3312 531 3386 Fernandi
551 3311 846 3384 conformaretur.
864 3318 907 3383 ln
927 3301 1080 3410 scripto,
1101 3327 1143 3384 ut
1163 3317 1201 3382 in
1222 3337 1354 3386 excuso
1376 3313 1416 3385 li·

352 3415 432 3524 bro,
444 3461 518 3506 non
532 3437 649 3507 solum
663 3440 932 3533 praemittuntur
945 3451 1155 3532 argumenta
1168 3435 1413 3534 tragoediarum

352 3558 397 3630 ab
407 3560 628 3654 Hieronymo
643 3556 753 3629 Balbo
767 3558 884 3629 latinis
892 3556 1054 3628 versibus
1070 3571 1250 3646 contexta,
1264 3557 1326 3632 sed
1339 3559 1414 3630 baec

351 3683 425 3777 ipsa
449 3678 494 3750 ad
522 3679 654 3750 calcem
681 3678 865 3749 adduntur
889 3680 1065 3767 carmina,
1089 3704 1171 3777 quae
1196 3681 1306 3778 praelo
1331 3681 1413 3754 sub·

264 3899 267 3908 .
347 3801 483 3896 jectum
505 3825 597 3899 opus
616 3801 822 3873 declarant:

532 3975 663 4040 Carolus
678 3977 866 4041 Fernondus
884 3976 1029 4041 lectorem
1046 3977 1228 4067 alloquitur.

426 4109 483 4180 Qui
499 4106 568 4184 legis
582 4107 713 4183 altiloqui
729 4107 894 4166 veneranda
909 4121 1042 4193 poemata
1058 4109 1141 4182 vatis,
