3172 5138
378 510 454 597 346
718 510 774 578 IN
806 511 1091 582 THYESTEM

377 646 459 696 Atreo
471 652 521 694 stat
535 639 656 693 mandatu
666 639 731 694 dere
744 640 806 694 liliis
818 642 872 696 suis
884 643 918 696 03
930 643 1037 696 lintrem
1054 639 1125 705 (vid.
1139 656 1196 713 000.
1216 639 1291 710 096)
1308 661 1315 695 :
1329 662 1392 714 ergo
1405 646 1431 697 in

376 739 439 774 eum
458 738 513 773 non
532 719 602 773 cadit
621 717 754 774 dubitatio
770 718 804 775 de
821 722 930 776 illorum
948 723 1017 789 11300
1034 721 1104 776 cadit
1121 722 1150 774 in
1169 721 1325 786 satellitem,
1343 725 1433 796 quovis

376 799 457 854 modo
476 798 681 854 dissuadentem.
698 802 779 854 Recte
796 802 903 874 imque,
918 805 964 874 qui
982 802 1111 856 laniciem
1129 802 1251 856 tribuunt
1268 819 1275 854 :
1292 801 1341 855 sed
1356 801 1431 856 iidem

378 881 447 933 male
461 880 541 933 verbe
560 881 648 932 Tacere
664 882 745 934 multis
757 881 859 935 discitur
869 887 931 935 aitte
942 883 1026 946 malb,
1042 883 1094 953 ³¹9
1104 921 1112 947 ,
1123 883 1156 935 eb
1169 883 1252 935 Atreo
1267 883 1432 953 pronuntiari

375 959 484 1024 001000,
496 977 556 1030 qne
568 958 711 1013 airctissime
724 978 785 1014 0000
801 962 982 1035 superioribus
994 961 1179 1034 conjungenda
1194 974 1271 1023 sunt,
1288 974 1320 1015 ut
1334 963 1362 1014 in
1375 963 1432 1034 qui-

376 1039 426 1092 bus
438 1038 506 1091 ratio
519 1039 670 1110 aperiatur,
682 1058 731 1094 our
742 1041 847 1112 pueris,
859 1059 909 1112 per
922 1043 1017 1096 melam
1032 1040 1221 1114 experientiam
1235 1040 1358 1094 nondum
1373 1040 1431 1096 edo·

376 1119 441 1183 ctis,
453 1117 534 1171 fldem
548 1118 657 1190 abroget
668 1119 778 1174 satelles.
791 1143 803 1170 ι
828 1149 829 1152 =
1137 1115 1140 1123 '

418 1198 483 1252 308.
498 1197 557 1252 Non
565 1209 601 1249 ert
610 1201 637 1250 in
648 1203 726 1251 00000.
738 1200 816 1254 Fero.
828 1199 928 1254 100003.
943 1200 1030 1272 AEgid.
1047 1219 1094 1253 non
1104 1213 1140 1251 est
1149 1203 1175 1251 ire
1187 1203 1282 1252 animo.
1298 1267 1303 1276 Ι

415 1275 481 1330 300.
493 1277 585 1339 Faue,
598 1289 626 1329 ut
633 1281 687 1348 ipsi,
699 1291 749 1333 etc.
761 1281 848 1336 Locos
859 1281 896 1334 sio
906 1280 1063 1352 dispunctus
1073 1291 1112 1332 est
1123 1294 1155 1332 ex
1166 1279 1332 1332 Florentino.
1343 1277 1431 1332 codd.

377 1367 404 1408 et
411 1354 476 1408 edd.
489 1369 552 1412 vett.
566 1357 674 1410 Fattesr
685 1359 754 1412 Aru.
768 1360 807 1412 At
820 1363 874 1430 ipsi,
887 1372 941 1414 etc.
954 1363 1077 1413 Attemeu
1091 1360 1119 1411 in
1129 1358 1224 1412 Parios.
1240 1359 1329 1423 8030,
1346 1358 1433 1422 8038,

378 1435 462 1504 8037,
475 1436 577 1489 tollitur
588 1440 656 1489 Aru.
671 1450 698 1490 et
710 1438 835 1492 scribitur
849 1439 932 1492 Facies
943 1452 970 1490 at
982 1441 1035 1509 ipsi,
1050 1451 1100 1492 etc.

415 1515 482 1568 300.·
501 1515 550 1568 Est
567 1535 665 1569 neeesse.
683 1517 762 1570 Both.
780 1535 813 1571 ex
832 1517 949 1572 Florent.
967 1517 1108 1588 anteponit
1127 1532 1217 1569 exesse
1237 1529 1288 1580 est,
1309 1529 1340 1570 nt
1360 1516 1432 1572 tertie

378 1612 470 1647 000000
480 1593 544 1650 0030
556 1609 672 1667 ponetur
687 1593 836 1666 spondeus,
851 1598 920 1652 sicut
933 1598 1065 1651 senarium
1077 1595 1207 1668 tragicum
1220 1595 1305 1650 decet.

416 1673 483 1727 303.
494 1676 609 1728 inserere.
621 1675 715 1728 Periss-
729 1677 800 1745 8000
815 1689 843 1730 et
855 1677 939 1748 8037,
954 1679 1048 1745 inferre.

417 1754 481 1818 304.
495 1754 602 1824 Recolis.
613 1755 646 1807 10
658 1757 766 1808 300000.
780 1757 884 1810 recedas.

417 1833 484 1886 305.
499 1835 588 1886 Parcet
602 1845 628 1884 et
641 1835 688 1887 tui.
701 1833 795 1888 Parias.
811 1835 884 1890 8030
899 1849 926 1888 et
939 1835 1027 1897 8033,
1037 1837 1117 1904 porris
1128 1845 1154 1884 et
1166 1833 1211 1885 illi.

416 1911 482 1966 306.
494 1915 533 1964 Et
540 1917 609 1982 putri
618 1917 701 1966 001000.
717 1915 750 1968 10
761 1913 840 1969 MSS.
851 1929 878 1969 et
889 1925 952 1968 vett.
965 1911 1027 1967 edd.
1041 1925 1066 1965 et
1072 1914 1151 1987 patris
1162 1913 1244 1974 03000,
1258 1911 1309 1964 nisi
1320 1909 1396 1982 quod
1407 1913 1433 1962 in

375 1992 458 2045 Paris.
477 1994 570 2061 8009,
586 2007 610 2046 00
621 1995 689 2063 perri
704 1993 784 2046 eliens.
801 1993 922 2048 Gronov.
937 2011 967 2047 ex
982 1993 1094 2046 Etrusco
1111 1991 1246 2049 substituit
1261 1995 1330 2060 petri
1346 1995 1431 2052 000000,

375 2070 448 2141 qnod
465 2090 545 2124 sensu
559 2085 586 2125 et
599 2073 727 2126 latinitate
745 2073 838 2127 melius
856 2073 960 2145 opinor.
980 2067 1150 2128 Sobrrederm
1165 2083 1257 2124 contre
1270 2069 1434 2124 Gronorinm

376 2151 448 2202 cliens
460 2151 530 2220 eolus
543 2149 673 2205 defendit.
919 2149 922 2160 ’

416 2229 482 2284 308.
498 2232 608 2284 Petatur.
622 2231 708 2284 Scriv.
718 2245 829 2303 paretur.

416 2308 481 2362 330.
491 2309 572 2362 Multa
580 2311 624 2362 sed
631 2311 742 2381 trepidas.
755 2312 858 2365 Febric.
869 2331 901 2365 ex
911 2310 967 2364 MS.
979 2310 1137 2380 conjiciebat
1146 2309 1220 2360 multo
1232 2308 1349 2371 00030000,
1363 2305 1434 2378 qnod

373 2387 479 2458 Lipsius
495 2407 551 2441 nou
570 2401 674 2442 rectum
690 2392 777 2444 minue
796 2409 876 2462 (00000
894 2391 970 2444 multo
986 2389 1030 2441 sed
1046 2387 1150 2460 trepidus
1166 2385 1308 2459 judicabat.
1323 2387 1434 2457 Vulgata

376 2467 453 2537 longe
470 2468 556 2538 aptior
571 2469 722 2534 sententie,
737 2483 768 2522 ut
781 2471 912 2524 Gruterus
925 2481 996 2523 recte
1011 2467 1158 2522 admonuit.

416 2546 483 2601 333.
499 2548 575 2600 Fiant
585 2552 695 2600 ministri.
707 2546 870 2620 AEgid.finrtt
878 2553 988 2602 ntim'rtn'.
999 2577 1040 2591 -·-
1048 2547 1145 2600 Occule.
1157 2547 1189 2598 In
1202 2546 1322 2598 Florent.
1335 2547 1432 2608 0000100,

373 2625 447 2696 quod
459 2625 575 2680 Botheus
587 2628 832 2699 interpretationem
843 2647 899 2683 esse
912 2629 1023 2698 vulgate
1035 2623 1155 2680 lectionis
1166 2621 1348 2688 emanabat,
1362 2622 1435 2694 qnod

372 2722 436 2758 vero
451 2704 582 2760 Badenine
595 2705 761 2762 commodius
775 2722 856 2780 atque
871 2709 978 2762 mollins
990 2708 1098 2778 volgato
1109 2704 1230 2777 judicans
1244 2705 1271 2757 in
1285 2713 1435 2758 contextum

374 2784 483 2856 recepit.
495 2787 581 2838 Aliter
595 2787 756 2841 censuimus.

414 2864 480 2918 335.
505 2864 615 2918 31100300.
636 2867 711 2922 ttss.
732 2867 826 2921 Parios.
848 2866 974 2921 tredecim
991 2861 1097 2919 et'edd.
1122 2865 1201 2917 Fero.
1223 2861 1325 2916 lsonrd.
1347 2861 1433 2932 AEgid.

372 2943 470 2997 Philol.
484 2945 590 2998 Aseeos.
607 2948 703 2999 beant.
715 2947 741 2998 V
742 2947 794 3000 ion.
810 2947 899 3000 Heius.
917 2945 1017 2998 claudit.
1032 2945 1151 2998 Primum
1165 2943 1284 2996 occurrit
1295 2941 1392 2995 0300ώο
1406 2942 1434 2993 in

372 3023 523 3090 Scriverio;
539 3022 638 3077 deiude
652 3025 680 3076 in
694 3026 807 3080 Farnab.
824 3026 908 3095 Thyn.
923 3026 1042 3079 Gronov.
1059 3038 1085 3077 et
1100 3023 1300 3077 recentioribus.

386 3151 391 3157 .
413 3104 479 3166 340.
499 3104 617 3157 Alter-nte.¹
631 3103 675 3158 Sic
686 3121 783 3160 novem
799 3105 970 3170 Pendentem
987 3101 1228 3158 0103000014100.
1245 3100 1434 3173 6000101100.

373 3181 476 3237 Fabiis.
491 3180 600 3254 Rapbel.
616 3184 744 3238 Commel.
759 3184 831 3238 Deir.
845 3183 923 3238 tht
940 3181 1032 3237 Heius.
1046 3183 1130 3237 Sceiv.
1142 3189 1169 3235 et
1181 3180 1352 3237 mutieres.
1368 3180 1437 3242 Atii,

373 3275 402 3314 ut
414 3261 690 3335 Moguuttlierbipol.
708 3277 736 3318 et
746 3265 842 3317 Vener.
861 3262 1009 3329 Delrionis,
1026 3277 1132 3316 necnon
1151 3259 1275 3314 undecim
1296 3259 1393 3312 Pmn'ss.
1412 3271 1437 3311 et

374 3342 452 3395 Fero.
466 3341 567 3396 100ιο3.
581 3341 671 3414 AEgid.
683 3343 780 3398 Philol.
794 3346 899 3397 Asoeun
912 3342 973 3396 edd.
989 3338 1115 3405 ulterram,
1130 3339 1331 3412 quod'toleran'
1348 3350 1434 3410 queat.

339 3429 341 3439 '
377 3421 429 3475 Sed
441 3423 553 3476 alterum
565 3423 694 3476 usitatius.
1492 3465 1495 3472 .

415 3501 481 3573 347.
500 3501 598 3554 Trabes.
611 3501 682 3566 Quia
695 3503 811 3555 florent.
826 3499 896 3570 fores
910 3518 961 3573 pro
982 3502 1059 3552 trabes
1079 3501 1207 3562 babebat,
1230 3516 1286 3550 non
1304 3495 1438 3550 dubitarit

373 3581 525 3635 Gronovius
538 3582 606 3634 hnic
620 3599 718 3638 norun
731 3582 872 3636 lectionem
885 3581 969 3636 textui
982 3579 1114 3654 inserere,
1128 3575 1242 3632 offerens
1258 3577 1349 3630 locum
1362 3576 1437 3629 Cice·

373 3661 445 3713 roais
458 3660 486 3712 iu
499 3663 578 3714 Verr.
592 3661 639 3714 lib.
651 3663 691 3713 lv
704 3679 712 3714 :
726 3662 791 3716 Nam
804 3661 881 3714 tutta
892 3681 972 3714 armes
982 3679 1068 3712 000000
1077 3676 1107 3711 ex
1118 3660 1155 3711 lo'e
1166 3658 1254 3720 oolor's,
1270 3675 1325 3729 quo
1336 3667 1406 3706 erant
1414 3667 1438 3706 et

376 3731 461 3792 0001οὶ0Ι
466 3753 491 3791 et
498 3757 593 3809 000000,
605 3759 653 3792 000
663 3737 895 3810 3ιώ1000103οῥ00.
907 3739 959 3794 Sed
969 3759 1025 3793 non
1036 3737 1115 3792 video
1126 3734 1193 3808 qnid
1206 3755 1238 3790 ex
1250 3735 1305 3789 hoo
1316 3735 1437 3805 exemplo

376 3816 497 3889 depromi
512 3821 610 3891 poenit,
622 3836 676 3892 qno
691 3822 771 3875 lectio
786 3821 941 3874 Florentino
955 3819 1136 3872 confirmetur.
1154 3817 1245 3868 Trabes
1259 3827 1299 3868 est
1311 3815 1339 3866 iu
1352 3813 1437 3890 ornni·

374 3899 424 3950 bus
433 3898 507 3952 MSS.
518 3913 546 3952 et
553 3898 617 3953 edd.
627 3913 688 3954 ente
695 3897 862 3954 Gronovium
874 3919 881 3950 0
894 3917 950 3952 000
959 3899 1045 3952 solutu
1052 3898 1133 3952 latine
1144 3891 1214 3949 cedit
1225 3896 1253 3948 ln
1264 3893 1434 3954 sententiam,

375 3976 423 4030 sed
436 3996 503 4048 sepe
516 3997 529 4030 0
544 3979 643 4032 Seneca
654 3974 806 4052 nempitur.
820 3978 883 4032 Vid.
896 3979 978 4050 llipp.
995 3983 1052 4043 644
1067 3990 1094 4031 et
1106 3975 1254 4048 presertim
1270 3982 1335 4043 397·

416 4053 481 4110 355.
496 4057 585 4111 Cum:
596 4098 603 4110 .
616 4061 706 4112 ,04000
723 4059 799 4113 Unus
814 4057 897 4114 codex
914 4053 1038 4129 antiquus
1055 4055 1203 4120 Hebionis,
1219 4073 1275 4106 coro
1289 4073 1299 4104 :
1315 4055 1352 4106 sie
1367 4069 1433 4122 quo·

375 4155 426 4208 que
439 4136 471 4190 od
486 4155 567 4208 mnrg.
584 4135 645 4191 edd.
659 4139 765 4210 Gryph.
780 4152 807 4192 et
820 4139 889 4192 Petr.

413 4218 479 4271 360.
496 4217 611 4272 11031300.
626 4219 717 4272 Lectio
732 4239 763 4272 ex
777 4221 888 4272 Etrusco
903 4218 1040 4287 desumpta
1053 4235 1061 4267 :
1076 4215 1196 4284 plerique
1212 4213 1283 4266 enim
1297 4212 1338 4262 vel
1353 4209 1433 4262 ttss.
