3090 5142
386 494 463 564 xciv
650 494 895 564 HISTORICA
918 497 975 564 ET
1000 493 1182 563 CRITICA

384 617 497 682 statuit
520 615 753 704 Clytemnostra
776 617 941 680 fortunam
962 631 995 680 et
1019 637 1130 680 mrum
1153 613 1256 703 sequi.
1280 611 1381 696 Quod
1406 611 1451 675 illi

385 719 551 788 dissuadet
566 721 698 786 nutrix:

525 861 601 916 esc·
615 871 655 914 est
670 858 819 926 temeritas,
829 877 889 932 que
898 859 963 931 petit
975 871 1067 913 casnm
1079 853 1184 912 docem.

527 963 608 1002 carr.
616 947 669 1002 Cui
677 947 771 1000 ultima
779 956 819 1001 rat
827 947 950 1009 lestans,
962 946 1028 1020 quid
1040 945 1150 1000 duliam
1160 937 1253 1001 timet?

528 1053 614 1090 aura.
627 1035 698 1088 Tuta
709 1048 748 1088 est
759 1034 875 1108 latetque
885 1035 977 1107 culpa,
988 1034 1011 1088 si
1022 1034 1122 1107 pateris
1132 1071 1142 1100 ,
1153 1045 1209 1088 tua.

527 1141 607 1178 cara.
620 1121 741 1178 Perlucet
756 1141 836 1177 omne
848 1123 929 1198 regin
941 1123 1033 1178 sitium
1047 1121 1150 1178 domus.

527 1225 608 1266 noas.
622 1211 699 1286 Piget
709 1211 804 1286 prioris
816 1249 825 1278 ,
838 1223 864 1266 et
875 1230 977 1266 norum
987 1211 1089 1265 crimen
1100 1209 1192 1266 sunia!

528 1315 607 1358 etta.
618 1301 668 1355 lies
681 1311 721 1354 est
731 1299 850 1373 profecto
861 1299 941 1354 stulta
952 1341 961 1368 ,
975 1297 1099 1372 nequitias
1108 1297 1212 1353 modus.

527 1399 607 1442 sora.
615 1387 696 1454 Quod
709 1387 818 1452 moult,
833 1394 923 1461 auget,
938 1387 984 1460 qui
996 1389 1082 1442 scelus
1098 1383 1196 1442 scelere
1207 1385 1306 1440 obruit.

528 1487 605 1530 carr.
618 1476 651 1528 Et
664 1476 765 1530 ferrum
780 1487 807 1530 et
819 1475 891 1548 ignis
901 1491 972 1549 sape
983 1475 1193 1530 medicinalem
1206 1485 1254 1530 est.

528 1581 609 1622 mn.
620 1565 745 1618 Extrema
759 1564 846 1636 primo
859 1581 938 1620 nemo
951 1563 1064 1618 temnit
1077 1564 1145 1618 loco.

529 1668 609 1706 cerr.
619 1652 759 1727 Rapienda
769 1653 848 1707 rebus
861 1653 891 1706 in
904 1651 980 1707 malis
991 1671 1108 1726 preceps
1119 1652 1163 1706 via
1175 1661 1223 1705 est.
1273 1696 1278 1705 .

431 1777 565 1842 Etiamsi
587 1775 754 1866 tragoedias
776 1777 905 1841 Seneeoe
921 1775 1002 1840 nihil
1024 1774 1111 1841 aliud
1135 1797 1205 1840 esse
1220 1773 1454 1840 crediderimus

388 1905 486 1970 quam
510 1882 649 1948 rhetoris
672 1882 931 1961 exercitationes,
955 1882 1031 1970 qui,
1054 1881 1146 1945 nullo
1167 1895 1216 1946 tot
1236 1881 1346 1969 legum
1372 1900 1454 1968 quas

388 1987 450 2052 sibi
465 1986 606 2051 vindicat
622 1987 729 2074 poesis
745 1986 918 2052 dramatico
933 2001 1100 2074 respectu,
1120 2001 1309 2076 argumenta
1325 2001 1453 2050 tentum

390 2091 592 2158 declamandi
606 2093 779 2180 quaerebat,
791 2091 886 2157 nobis
903 2090 1183 2180 pronuntiandum
1201 2092 1262 2156 erit
1276 2113 1343 2156 rem
1362 2113 1456 2180 aeque

389 2197 633 2279 estimantibus,
646 2219 722 2262 eum
732 2197 909 2285 impensius
921 2197 1111 2280 elaborasse,
1120 2214 1228 2286 atque,
1234 2213 1273 2262 ut
1283 2197 1327 2262 ita
1337 2191 1455 2280 dicam,

390 2302 578 2384 exsudasse,
603 2319 641 2368 ut
664 2303 866 2392 splendidam
890 2318 922 2367 et
945 2302 1167 2368 inexhaustam
1191 2303 1312 2393 ingenii
1338 2323 1455 2368 venam

391 2409 593 2491 ostenderem
609 2409 678 2498 ipsa
692 2432 840 2497 peccare,
856 2431 928 2497 que
944 2407 1030 2474 bona
1044 2425 1140 2492 sunt,
1156 2407 1246 2498 qtsod
1261 2409 1354 2498 plura
1363 2408 1456 2490 justo

391 2531 628 2604 congerantur3
645 2514 781 2596 versari,
798 2512 888 2602 quod
905 2513 1014 2580 forsan
1032 2515 1067 2578 in
1084 2513 1201 2578 scholis
1217 2513 1351 2579 edoctus
1367 2530 1456 2597 erat,

391 2619 478 2686 ultro
506 2620 653 2708 citroque
679 2621 872 2703 sententias,
905 2621 1009 2702 nulla,
1042 2637 1282 2708 quamcumque
1312 2619 1457 2709 recipere

393 2742 525 2814 queant,
539 2727 644 2790 forma
657 2743 690 2790 et
703 2726 782 2793 fecie
798 2725 970 2807 nemas,
981 2724 1123 2816 singulas
1138 2721 1243 2790 evolvi
1252 2721 1457 2815 producique

392 2833 565 2922 imagines3
583 2847 617 2896 et
633 2832 713 2896 nihil
730 2854 845 2896 eorum
870 2832 977 2896 omitti
1001 2832 1035 2894 in
1057 2851 1130 2918 quas
1150 2830 1292 2896 incidere
1312 2831 1458 2919 potuerit

393 2938 561 3002 scribentis
579 2937 741 3027 cogitatio.
756 2937 868 3020 Quum
884 2936 1014 3020 audito,
1031 2935 1123 3026 quod
1137 2953 1272 3025 nepotes
1285 2935 1458 3001 admissuri

393 3059 488 3125 sunt,
506 3043 640 3125 scelere,
652 3043 832 3132 expavescit
842 3043 1010 3124 Tantalus,
1025 3057 1058 3108 et
1070 3041 1136 3122 jam
1155 3040 1272 3130 pedem
1290 3058 1399 3106 moret
1415 3042 1459 3107 ad

394 3148 575 3212 Acheronta
586 3169 789 3229 reversurus,
803 3148 884 3236 petit
899 3147 1036 3238 Megaera
1052 3169 1119 3236 quo
1134 3163 1207 3212 ruat
1222 3168 1372 3236 preceps.
1393 3149 1460 3212 Po-

395 3253 458 3316 tuit
478 3253 531 3317 ille
553 3249 767 3340 respondere,
789 3248 837 3316 ed
857 3263 948 3317 notor
972 3253 1087 3342 etjam
1109 3237 1288 3317 exantlatos
1313 3251 1460 3334 laborm

396 3359 553 3446 necplura
561 3358 818 3446 requirebantur.
828 3357 1008 3440 AtNoster,
1018 3357 1225 3424 utbrevitatis
1233 3359 1267 3423 in
1277 3357 1460 3447 premendo

394 3463 552 3551 cujusque
575 3465 740 3528 sententiae
760 3481 916 3530 contextu
939 3465 1104 3547 curiosus,
1125 3463 1171 3529 sic
1191 3465 1225 3528 in
1245 3464 1460 3553 producendo

396 3568 627 3634 sententiarum
653 3587 767 3634 tenore
794 3570 915 3636 multus
941 3571 1142 3659 nimiusque,
1169 3589 1237 3634 rem
1262 3569 1461 3635 hastillatim

397 3673 521 3756 dividit,
529 3689 562 3738 et
571 3675 697 3764 singula
703 3675 825 3739 Tantali
840 3674 995 3764 supplicia
1006 3674 1160 3765 depingit.
1170 3675 1200 3740 N
1201 3697 1237 3740 eo
1249 3675 1342 3740 satis:
1354 3699 1461 3764 quum

397 3777 483 3843 enirn
501 3778 570 3866 ipse
586 3779 647 3842 sibi
666 3777 813 3843 videatur
830 3779 984 3843 Tantalus
1001 3779 1041 3844 ad
1058 3780 1190 3847 inferno
1212 3777 1296 3844 sedis
1313 3779 1461 3870 hospites

396 3905 570 3964 remeasse,
580 3899 787 3972 etpoenarurn
798 3886 902 3949 socios
911 3887 1120 3973 compellare,
1130 3885 1249 3950 Seneca
1261 3909 1327 3950 non
1338 3887 1460 3968 justam

398 4003 490 4078 putet
504 4011 634 4077 operam
650 3989 841 4072 absolvisse,
854 3989 913 4054 nisi
930 4007 963 4054 et
980 3991 1085 4055 socios
1102 4009 1285 4073 enumeret,
1297 4008 1330 4056 et
1347 4016 1461 4081 poenas

397 4092 565 4158 describat.
