3118 5138
311 509 357 580 ὅτι
495 532 508 557 ·
595 513 632 580 L.
662 510 840 580 ANNAEI
869 513 1088 610 SENECAE

363 641 544 712 Occidere:
562 644 630 713 vidi
647 645 773 738 regium
793 645 908 739 capitis
925 645 1025 715 decus

363 751 449 818 Cum
473 751 584 844 capite
602 750 839 844 raptum.Quis
856 753 934 819 satis
951 733 1082 820 Thebas
1100 752 1199 822 sseat?

361 858 466 924 Ferax
483 856 622 926 deorum
641 870 746 942 terra,
764 878 861 950 quem
880 855 1050 926 dominum
1069 858 1202 928 tremis?

361 963 389 1030 E
407 962 501 1056 cujus
519 964 608 1031 arvis
619 957 635 1050 ,¹
647 986 730 1056 eque
749 960 904 1032 foecundo
923 964 996 1030 sinu

360 1068 482 1137 Stricto
497 1067 654 1161 juventus
672 1081 746 1136 orto
763 1092 839 1136 cum
859 1067 946 1136 ferro
967 1070 1077 1156 stetit,

362 1173 530 1268 Cujusque
548 1199 661 1245 muros
679 1187 776 1242 natus
793 1173 960 1266 Amphion
978 1177 1059 1243 Jove

363 1281 508 1368 struxit,
527 1303 650 1349 canoro
669 1303 744 1348 saxa
763 1277 934 1348 modulatu
953 1279 1107 1367 trahens}

362 1387 403 1453 In
421 1386 514 1480 cujus
531 1386 647 1455 urbem
664 1409 733 1453 non
751 1382 851 1453 semel
869 1383 982 1454 divum
1001 1411 1120 1480 parens

365 1490 455 1560 Caelo
473 1489 587 1561 relicto
604 1492 713 1575 venit;
731 1489 801 1558 haec
820 1513 892 1583 quae
910 1489 1028 1560 ceelites

365 1599 524 1691 Recepit,
541 1612 575 1666 et
592 1621 664 1690 quae
683 1596 779 1680 fecit,
797 1609 832 1664 et
848 1587 915 1682 (fas
933 1598 973 1665 sit
991 1591 1097 1692 loqui)

362 1698 513 1772 Fortasse
533 1702 649 1790 faciet,
667 1700 799 1770 sordido
817 1703 977 1796 premitur
990 1704 1080 1797 jugo.

365 1809 510 1880 Cadmea
527 1807 652 1902 proles,
670 1808 848 1900 civitasque
865 1809 1078 1903 Amphionis,

310 2017 417 2068 tratrem
427 2015 536 2067 Jocastae
545 2011 681 2084 (Euripid.
689 2013 816 2066 Phoeniss.
860 2013 993 2068 Mercurio
1003 2029 1150 2087 acceperet,
1157 2017 1367 2087 cujusmiradul-

312 2099 363 2164 693
380 2106 405 2146 ct
426 2095 511 2163 768),
530 2111 560 2146 ex
574 2092 653 2164 stirpe
673 2104 788 2145 satorum
801 2111 817 2144 s
859 2093 954 2147 ccdine
965 2092 1064 2166 lapides
1076 2095 1109 2148 ad
1118 2095 1254 2149 suuendas
1262 2095 1367 2152 Thebas

311 2174 412 2227 Cadmo
433 2172 566 2242 (AEschyl.
589 2183 655 2243 sept.
675 2170 710 2224 ad
729 2171 818 2236 Theb,
859 2173 966 2226 traxisse
977 2173 1232 2227 fertur.Vid.Phoen.
1242 2177 1365 2230 sestiu-

313 2254 374 2317 seo.
386 2251 506 2322 Euripid.
519 2251 644 2304 Pboeniss.
655 2253 697 2320 6).
858 2250 1066 2322 iipideoeniss.
1080 2256 1139 2306 116.
1149 2253 1241 2306 Horat.
1251 2255 1308 2318 ΠΙ,
1319 2254 1365 2310 od.

347 2333 407 2395 ²57·
420 2333 519 2399 Regium
532 2331 619 2396 capitis
628 2332 708 2380 decus.
720 2328 815 2382 Diade·
860 2347 889 2381 11
901 2347 908 2382 ι
926 2357 937 2378 ι
947 2331 1081 2394 Mercuri,
1095 2347 1158 2384 nam
1172 2345 1197 2384 te
1210 2331 1302 2386 docilis
1312 2353 1366 2388 rna·

310 2409 452 2481 ms,quod
466 2410 574 2462 Creonti
590 2410 677 2482 Lycus
694 2427 754 2462 cum
773 2429 824 2476 cs·¹
857 2407 938 2478 gistro
957 2410 1039 2462 Movit
1057 2411 1186 2480 Amphion
1203 2411 1302 2483 lapides
1321 2431 1365 2465 ca·

309 2491 362 2562 pite
372 2488 487 2542 obstulit.
570 2505 572 2510 ’
856 2486 978 2540 nendo.»
1000 2487 1064 2540 Vid.
1082 2499 1108 2540 et
1125 2487 1246 2543 eumdem
1264 2490 1297 2544 de
1313 2503 1363 2544 art.

346 2569 405 2700 aig.
416 2575 498 2620 Ferox
508 2571 608 2618 deorum
618 2582 691 2618 rema.
704 2567 812 2630 Thebe,
856 2567 951 2636 poetic.
972 2567 1031 2636 394,

308 2667 366 2720 qnae
398 2647 509 2700 acchum
526 2684 534 2709 ,
554 2643 693 2707 Semelen,
712 2647 813 2699 Leuco·
892 2644 953 2697 265.
975 2649 1040 2696 Caelo
1056 2649 1139 2696 relicto
1161 2649 1238 2700 venir.
1262 2647 1365 2702 Scilicet

306 2729 410 2790 theam,
421 2725 568 2778 Palaemona
576 2725 812 2796 genuerantUnde
855 2723 956 2796 Jupiter
965 2725 1071 2777 Thebas
1085 2743 1151 2796 saepe
1161 2725 1267 2789 invisit,
1283 2727 1364 2780 modo

305 2808 400 2860 Justin.
414 2806 469 2868 XI,
480 2811 511 2868 A,
524 2803 557 2858 de
565 2804 680 2857 Thebis:
696 2809 747 2863 Nee
754 2809 812 2873 me
854 2802 967 2856 Semeles
976 2803 1072 2864 ,modo
1079 2806 1218 2876 Antiopes,
1230 2803 1310 2857 modo
1321 2806 1363 2858 Al·

301 2907 348 2954 pm
359 2889 447 2937 civibus
456 2905 482 2935 se
487 2924 496 2946 ,
513 2888 556 2952 qni
569 2887 703 2951 tamparrci
716 2904 813 2936 remen·
855 2901 953 2936 emente
965 2901 1054 2936 amore
1067 2896 1169 2954 captus.

303 2970 392 3026 serint,
408 2984 494 3029 orare,
506 2968 601 3032 sedpro
611 2965 713 3015 innoxio
721 2969 812 3031 patria
892 2965 951 3014 266.
965 2965 1069 3030 Recepit.
1082 2963 1138 3014 Hoc
1148 2962 1318 3016 referendum
1328 2963 1362 3017 ad

302 3049 354 3097 solo
368 3061 392 3096 et
403 3065 450 3112 pro
461 3047 533 3104 urbe,
545 3062 601 3111 quie
609 3063 657 3092 non
673 3045 741 3094 viros
755 3059 811 3095 tarr·
854 3041 1035 3096 antecedentia
1045 3047 1105 3094 coelo
1118 3046 1202 3094 relicto
1213 3046 1365 3113 verrit,·secit

303 3141 368 3186 tom,
383 3144 468 3176 verum
479 3126 568 3173 etdeos
580 3125 699 3190 gensuerit.
854 3134 961 3184 sutem,
981 3120 1015 3174 ad
1033 3141 1059 3174 v.
1084 3121 1133 3190 259
1148 3160 1155 3185 ,
1167 3125 1247 3190 fem
1262 3125 1363 3174 deorum

341 3207 401 3257 261.
424 3209 538 3254 erentrrs
562 3215 624 3251 orta.
650 3200 689 3252 Ex
717 3201 811 3254 satisa
854 3215 939 3262 νοντας
951 3203 1049 3269 saciet,
1069 3199 1102 3252 nd
1116 3200 1272 3264 Herculem,
1286 3203 1362 3271 cujus

300 3283 404 3337 Cadmo
418 3279 539 3333 Mavortii
550 3277 673 3332 draconis
689 3277 810 3332 dentibus
853 3280 972 3333 futurum
985 3295 1084 3332 numen
1100 3279 1233 3350 praesentit
1250 3298 1281 3333 ac
1297 3279 1363 3333 vati·

301 3361 477 3416 hominesorti
486 3358 716 3428 suntormati3qui
726 3377 809 3429 quum
853 3359 964 3411 sinatur.

302 3443 402 3496 infestis
416 3439 510 3511 gladiis
519 3438 568 3510 ipsi
581 3438 608 3490 in
618 3441 689 3508 ipsos
699 3455 809 3490 concur·
890 3441 948 3507 ²67.
959 3439 1075 3488 Sordide.
1087 3473 1093 3485 .
1105 3435 1284 3507 .jugc.Turpi,
1293 3435 1361 3488 seda

301 3522 397 3576 iissent
406 3531 431 3572 et
443 3519 541 3571 mutuis
554 3516 708 3570 cecidissent
717 3517 809 3569 vulne·
852 3516 983 3570 servitute.
991 3515 1047 3568 Cic.
1056 3513 1089 3567 de
1096 3515 1168 3568 oiiic.
1177 3515 1214 3581 11,
1225 3521 1271 3578 rt:
1282 3520 1360 3580 Quum

255 3627 258 3634 ¹
301 3601 391 3662 ribus,
412 3598 563 3670 superstites
574 3596 693 3669 quinque
707 3595 809 3648 Cadmo
849 3598 1010 3662 periculosum
1024 3610 1072 3654 cst,
1089 3597 1222 3644 nemetiam
1235 3597 1360 3645 sordidum

301 3679 408 3732 comites
416 3675 612 3748 etsdjutoresin
621 3674 809 3728 constituendis
852 3677 1007 3742 adsumam,
1019 3675 1181 3734 cormnittere,
1194 3687 1221 3724 ns
1230 3687 1361 3724 aecusator

299 3757 398 3810 Thebis
411 3773 551 3810 accessere.
563 3757 600 3808 De
609 3753 651 3806 bis
660 3753 738 3806 ovid.
752 3753 808 3805 Me·
851 3755 982 3803 nominere.
997 3751 1110 3817 Seneca,
1123 3751 1156 3804 de
1173 3751 1229 3814 irs,
1245 3752 1287 3812 11,
1304 3752 1357 3817 34:

232 3853 250 3872 ‘
301 3851 365 3891 tam.
373 3837 431 3897 Ill,
442 3853 490 3887 110
499 3872 508 3898 ,
518 3861 543 3883 α.
554 3871 560 3885 .
572 3833 726 3904 .crescitque
736 3851 807 3902 seges
852 3835 910 3882 Cum
921 3831 1037 3898 inferiore
1047 3833 1207 3890 contendere,
1222 3834 1357 3884 sordidum.

300 3916 419 3988 clypeata
429 3913 545 3966 virorum
556 3939 577 3965 n.
589 3911 652 3964 vid.
665 3912 743 3964 etiarn
755 3911 806 3962 Eu·
887 3912 947 3963 268.
957 3912 1074 3959 Cadmea.
1082 3907 1209 3962 Thebana
1217 3946 1224 3971 ‚
1233 3927 1248 3962 a
1256 3909 1358 3962 Cadmo

298 3994 378 4067 ripid.
394 3993 470 4044 Herc.
482 3992 535 4044 fur.
546 4007 578 4054 2,
594 3991 751 4060 ²⁵2e1794·
776 4050 778 4056 ¹
848 3987 985 4042 conditore
1002 3988 1128 4051 civitatis,
1144 4001 1173 4040 ut
1193 3991 1278 4040 civitas
1295 3995 1357 4040 Am-

336 4077 395 4126 262.
410 4074 530 4140 Cujusque
548 4089 638 4122 muros.
655 4068 804 4141 Amphion,
843 4071 942 4135 pisionis
961 4067 995 4119 ab
1010 4065 1178 4150 Amphione,
1195 4079 1359 4122 exstructore

295 4153 369 4207 Joris
380 4164 405 4206 et
415 4150 539 4222 Antiopes
550 4149 636 4210 filius,
649 4147 777 4202 citharam
788 4166 803 4200 a
847 4147 980 4199 mmnium.
