3240 5138
318 546 596 617 HERCULES
622 546 843 614 FURENS.
871 546 981 614 ACT.
1009 547 1079 612 ΙΙΙ.
1185 542 1230 639 45

220 679 284 748 sed
299 677 421 774 templa
436 704 538 773 quare
553 677 646 747 miles
661 678 798 748 infestus
817 692 923 764 tenet,

221 788 403 880 Limenque
418 809 547 856 sacrum
562 797 673 854 terror
685 809 854 854 armorum
869 782 1016 854 obsidet?
1076 847 1078 854 ,
1105 862 1108 870 ,

221 1019 459 1100 necnon,
485 1017 853 1103 nurfflruron,
882 1018 1176 1103 nuncnune

575 1141 822 1215 Tunsuue

221 1346 335 1394 nuru.
351 1324 517 1392 Utrumne
532 1325 621 1392 visus
637 1337 714 1391 vota
729 1321 897 1417 decipiunt
914 1347 1023 1411 meos,

221 1433 272 1498 An
289 1427 342 1497 ille
356 1429 501 1498 domitor
517 1430 624 1516 orbis,
638 1443 672 1498 et
687 1428 826 1522 Grajurn
841 1429 958 1512 decus,

223 1536 323 1603 Tristi
340 1533 488 1604 silentem
504 1533 619 1604 nubilo
632 1532 727 1628 liquit
742 1533 900 1603 domum?

220 1644 323 1710 Estne
338 1638 391 1710 ille
406 1639 524 1710 natus?
536 1641 686 1709 membra
702 1639 813 1710 laetitia
827 1654 970 1736 stupent.

220 1748 252 1815 0
268 1742 360 1820 natal
377 1763 466 1816 certa
482 1761 602 1816 etsera
616 1747 806 1819 Thebarum
822 1742 923 1819 salus!

220 1855 375 1922 Teneone
389 1855 423 1920 in
439 1877 535 1922 auras
550 1853 694 1941 editum,
708 1877 751 1921 an
766 1877 852 1922 vana
869 1853 961 1921 fruor

168 2063 212 2116 tiri
232 2076 391 2134 sceptroque
412 2063 535 2116 Plutonia
560 2064 676 2134 potuisse
721 2061 827 2133 telligc:
845 2088 855 2110 ι
872 2063 969 2116 Utrum
984 2063 1104 2116 Herculia
1118 2056 1226 2118 videndi

166 2142 313 2213 glorietur,
334 2155 383 2196 etc.
408 2143 517 2208 Quanto
539 2140 677 2196 decentior
721 2140 1227 2214 cupidomeetoculosmeosadeofallit,

168 2223 195 2274 iu
212 2221 341 2294 Euripide
358 2222 481 2275 Herculia
496 2221 618 2288 reditus,
636 2241 676 2274 ta·
719 2233 750 2274 ut
761 2239 820 2274 eum
835 2220 924 2276 adesse
939 2221 1061 2290 credam,
1073 2236 1103 2276 ut
1115 2243 1176 2277 eum
1188 2225 1227 2277 vi-

167 2301 275 2355 lutantie
299 2300 431 2368 domum,
452 2316 506 2358 tam
530 2300 676 2373 jucundam
720 2299 784 2354 dere
800 2301 868 2354 mihi
887 2300 997 2363 videar,
1016 2321 1050 2356 an
1075 2305 1161 2374 reipsa
1183 2305 1227 2357 ille

169 2395 273 2453 aspectu
286 2394 348 2452 post
364 2396 487 2452 superata
507 2394 611 2438 :eterna
626 2401 675 2434 no·
719 2399 808 2433 coram
823 2380 923 2446 adstat,
936 2383 970 2435 ab
985 2383 1075 2435 inferis
1087 2381 1195 2436 redux?
1212 2411 1224 2432 ι

168 2462 216 2514 ctis
229 2461 362 2532 pericula,
378 2474 405 2514 et
418 2463 460 2521 vix
476 2480 559 2531 pauca
575 2462 675 2526 locuti,
719 2459 827 2513 Miscuit
848 2473 874 2514 et
897 2463 1062 2532 perturbavit
1079 2463 1227 2517 incuriosus

168 2559 248 2611 quum
259 2580 268 2607 ‚
281 2541 441 2596 acclamante
455 2539 488 2593 ad
504 2554 676 2612 conspectum
719 2540 849 2611 interpres
865 2559 923 2612 que
942 2541 1044 2595 voculis
1056 2555 1134 2595 utrum
1152 2555 1178 2596 et
1195 2563 1227 2594 nn

167 2621 288 2691 conjugis
305 2622 431 2690 Megara,
451 2635 536 2674 ruunt
551 2619 584 2672 ud
602 2621 675 2692 geni·
719 2620 798 2690 plane
813 2618 1022 2692 distinguuntur.

169 2711 251 2752 torem
264 2699 342 2753 liberi
353 2711 380 2752 et
390 2703 445 2771 ejus
456 2700 581 2753 lateribus
591 2699 676 2753 adhe·
759 2704 826 2752 διο.
843 2701 920 2752 Tristi
935 2702 1041 2753 silentem
1061 2702 1150 2754 nubilo.
1167 2703 1225 2756 Hoc

167 2791 236 2842 rent,
244 2780 414 2851 paternisque
424 2778 540 2850 pendent
548 2781 676 2845 vestibus,
719 2797 825 2850 quoque
834 2777 868 2832 de
877 2780 1104 2834 inlerisNoeterin
1115 2782 1226 2854 Hippol.

168 2877 222 2912 uon
236 2859 289 2912 tuti
299 2859 387 2912 minua
401 2877 482 2930 quem
493 2858 528 2912 ad
537 2859 612 2912 toris
625 2878 677 2912 cer·
721 2876 822 2911 m:-
838 2856 915 2912 Adiit
928 2860 1055 2914 silentem
1071 2874 1151 2916 nocte
1165 2881 1225 2934 per·

168 2939 264 2992 ratoris
280 2939 369 2992 vem!
383 2936 447 2992 vid.
461 2938 585 3010 Euripid.
596 2940 673 2992 Herc
719 2950 800 3008 petua
816 2936 962 2992 domum.

169 3019 219 3072 fur.
233 3036 300 3072 vers.
318 3017 410 3071 Saoet
421 3036 494 3089 seqq
761 3021 826 3071 fiat.
842 3019 919 3070 Estne
937 3019 978 3070 ille
995 3027 1089 3070 natur?
1105 3020 1225 3092 Euripid

208 3101 273 3151 616.
304 3098 411 3167 Templa.
426 3095 490 3149 Vid.
516 3116 541 3150 v.
565 3098 620 3152 356
649 3110 675 3152 et
719 3097 798 3150 Herc.
824 3097 914 3152 lur.5
901 3098 979 3162 5:14
1004 3115 1073 3152 rene.
1104 3089 1223 3166 «inst
1206 3123 1226 3153 ω

171 3175 235 3231 506.
718 3173 829 3246 npiossu,
840 3179 935 3230 λιύασω
951 3178 1022 3247 τάμὰ
1038 3179 1151 3247 φίλτατᾎ
1166 3181 1227 3238 ἢτί

207 3260 274 3326 617.
299 3256 408 3310 Obsidet.
429 3255 559 3326 Occupat.
577 3255 672 3325 Virgil.
718 3263 770 3326 4644
792 3287 831 3298 -
848 3274 933 3310 ιιιιι.
947 3259 1000 3310 Οὐκ
1024 3252 1095 3316 otta,
1112 3261 1225 3330 θύγατερ·

169 3335 272 3389 AEueid.
282 3337 323 3388 111
328 3341 416 3401 ,4·40
430 3335 674 3404 ·DextrurnScylla
719 3331 857 3405 ἀφασίαδὶ
877 3335 938 3406 ιιᾷμ’
957 3337 1069 3403 {7⁸:0-
1030 3355 1149 3391 -ne
1162 3328 1227 3393 ὁδ’

166 3415 249 3482 laton,
262 3415 359 3468 laevum
374 3415 510 3485 implacata
525 3413 674 3484 Charybdis
718 3417 800 3477 loru,
814 3415 838 3466 δι
855 3421 900 3485 γῆς
915 3417 1026 3485 utplur'
1006 3418 1180 3487 ιισνιιι4ὑ44ιιν,
1198 3421 1226 3472 Εἰ

167 3456 315 3548 Obnitlet.
332 3494 437 3548 Sallust.
455 3495 534 3548 Catil.
551 3514 606 3564 27:
621 3495 673 3564 Op·
718 3493 791 3591 44444ἱ
806 3494 892 3565 ὄνιιρον
907 3495 993 3565 ἇνφάιι
1006 3515 1030 3546 τι
1040 3497 1182 3568 λιυσσομιν
1193 3500 1226 3552 Τί

163 3587 268 3644 44444444
282 3577 335 3628 toea
349 3580 448 3627 armatis
463 3575 594 3628 horninibus
610 3573 674 3627 obsi·
717 3576 793 3642 φημίς
801 3577 852 3627 ποῖ’
859 3575 938 3645 ὄνειρα
952 3574 1089 3645 κηραίνουσ“
1100 3579 1166 3647 ὁρῶς
1175 3581 1228 3632 Οὐκ
1334 3637 1339 3646 ,

166 3655 230 3708 dere.
245 3681 256 3702 ι
717 3654 768 3707 ἴσθ’
777 3649 816 3705 ὅδ’
831 3651 1124 3718 ἅλλοςάντὶαοῦπαιδὸς
1132 3660 1227 3729 ,44444

206 3736 273 3788 6ι8.
291 3736 366 3786 Visus
386 3747 445 3786 nota
465 3734 593 3805 decipiunt.
610 3733 672 3786 Nou
759 3735 826 3787 644.
843 3733 913 3787 Sera.
934 3733 1004 3798 Quia
1025 3735 1114 3789 Creon
1135 3751 1162 3792 ct
1177 3737 1226 3791 lilii

165 3812 674 3886 haediligenteretrecteinterpretatur
717 3816 774 3884 ejus
789 3813 922 3867 interfecti
937 3827 998 3866 sunt
1014 3833 1028 3866 a
1044 3815 1127 3887 Lyco.

165 3905 203 3958 eet
211 3895 274 3945 Lev'
260 3913 301 3946 ee:
313 3895 354 3944 En
363 3897 484 3962 mimi-jc
493 3914 540 3945 mes
546 3915 613 3964 yeun
624 3934 631 3956 ,
643 3913 673 3946 ou
759 3893 823 3947 623.
842 3895 957 3946 Teneone.
972 3892 1095 3952 solemne
1104 3899 1224 3950 verbum.

165 3976 447 4026 navarreorum-ils
455 3974 672 4045 de'meCevcin·
717 3974 826 4027 Terent.
851 3973 945 4032 Heaut,
968 3985 1018 4026 act.
1038 3975 1082 4040 ΙΙ,
1099 3995 1169 4030 scen.
1191 3984 1226 4045 4,

164 4073 237 4122 queret·
257 4054 291 4105 du
319 4053 419 4116 incude,
442 4055 567 4106 l'lronnenr
593 4053 622 4106 de
648 4053 673 4104 lu
717 4073 743 4106 v.
760 4071 816 4123 27:
837 4079 848 4100 ι
868 4054 992 4107 Teneone
1008 4067 1051 4120 te,
1068 4056 1222 4127 Antiphila,

167 4131 341 4197 Creten-stul
354 4135 455 4203 eclnppo'
468 4133 530 4204 enfin
544 4134 579 4186 du
594 4137 671 4204 sejour
715 4134 828 4186 maxime
854 4133 942 4189 auimo
969 4147 1091 4204 exoptata
1108 4137 1190 4190 tneo?
1210 4163 1220 4182 ι

163 4211 204 4274 des
219 4214 308 4267 umbros
326 4213 492 4269 silentiorum?
506 4225 556 4268 etc.
572 4213 615 4267 Sic
629 4215 670 4268 in·
716 4213 799 4266 Plaut.
813 4213 883 4268 ttud.
895 4227 944 4268 act.
955 4213 984 4280 1,
997 4234 1066 4268 scen.
1083 4221 1115 4282 4,
1127 4236 1151 4270 v.
1169 4217 1222 4272 rt:
