3070 5158
378 551 1434 583 mmmfflmmmmmmmmmm

703 729 1111 850 EXCERPTA

375 967 617 1019 eruic-mom
643 969 806 1031 iromus,
834 955 893 1016 cni
918 969 1070 1016 rrrnnns
1100 970 1162 1016 nsr
1187 949 1432 1037 ΡΟΜΝΙΟΕ,

445 1083 488 1128 nr
512 1083 533 1127 n
559 1077 734 1144 onumen,
760 1079 841 1139 Qun
866 1076 1090 1127 ruscnrnrrnn
1115 1044 1367 1130 ETE‘OCLE.

784 1215 1021 1242 *—

426 1359 537 1432 Multa
578 1360 612 1427 in
644 1357 825 1428 Phoenissis
865 1355 987 1450 possim
1028 1357 1173 1444 notavi,
1209 1383 1288 1453 quae
1317 1360 1367 1431 vel
1399 1364 1434 1431 nd

320 1489 325 1496 ·
368 1471 484 1544 Nostri
509 1469 728 1540 imitationem
747 1469 891 1562 scripta,
911 1463 966 1534 vei
984 1464 1027 1534 ad
1042 1466 1115 1560 ejus
1134 1471 1335 1564 tragoediam
1353 1474 1435 1542 simi·

372 1582 515 1652 iitndine
533 1579 678 1674 quadarn
699 1576 901 1672 pertinentia
918 1573 1130 1647 videbantur.
1150 1580 1206 1648 sic
1223 1605 1294 1650 non
1308 1584 1431 1678 Euripi-

371 1692 446 1762 dem
472 1689 574 1760 m'odo
606 1702 640 1758 et
666 1688 833 1773 Statium,
867 1684 922 1755 sed
947 1698 982 1754 et
1007 1699 1099 1754 vates
1131 1703 1265 1759 nostros
1291 1693 1433 1778 Hacine,

370 1797 527 1886 Retron,
557 1803 689 1886 Ducis,
721 1799 756 1866 in
780 1795 992 1866 collationem
1016 1799 1150 1887 vocavi,
1169 1815 1208 1870 ut
1228 1803 1319 1872 varia
1336 1807 1433 1874 rario-

371 1933 445 1981 rum
466 1908 600 2010 ingenie
624 1910 660 1977 in
688 1907 803 1977 iisdem
828 1907 1054 2004 exprimendis
1077 1911 1355 2005 expenderentur.
1373 1915 1432 1985 Atii

370 2035 465 2106 sunt,
483 2019 542 2113 qui
560 2017 736 2113 tragoedias
754 2019 790 2085 in
809 2017 873 2086 hoc
889 2018 1080 2090 Thebaidos
1101 2038 1355 2117 argumentum,
1370 2027 1433 2095 ani·

371 2135 435 2202 mis
461 2153 563 2225 quam
592 2129 736 2198 maxime
760 2143 878 2222 aptum
906 2131 1176 2217 commovendis,
1205 2158 1431 2229 composuere:

370 2267 506 2328 verum,
532 2255 572 2310 ut
597 2242 750 2310 omittam
770 2263 844 2334 quae
865 2237 958 2308 nulla
981 2240 1050 2310 sint
1075 2239 1177 2335 digna
1199 2245 1359 2314 memoria
1386 2245 1433 2340 (ln

376 2350 582 2435 Thebaide,
614 2375 696 2448 par
718 2349 891 2435 Rebelin,
927 2347 1043 2437 1584;
1072 2349 1109 2420 la
1130 2349 1337 2440 The'batde,
1368 2381 1435 2452 par

371 2460 486 2532 labbe
503 2464 632 2554 Boyer,
658 2456 769 2544 16603
788 2465 971 2554 Antigone
985 2483 1035 2530 ou
1049 2458 1087 2530 la
1099 2463 1217 2548 Ρίέεέ,
1229 2488 1304 2558 par
1314 2465 1435 2536 Robert

372 2575 539 2656 Garm'er,
557 2566 666 2656 1580,
680 2583 745 2638 etc.
767 2568 867 2662 etc),
883 2593 924 2638 ex
943 2569 1073 2639 duobus
1092 2573 1265 2666 tragoediis
1282 2575 1432 2645 nonnulla

374 2681 533 2766 efferum,
550 2705 633 2774 ques
647 2677 779 2748 silentio
797 2680 1007 2772 pretermitti
1024 2695 1139 2751 vetant
1156 2707 1275 2753 eorum
1295 2687 1353 2780 qui
1368 2685 1431 2756 ilus

375 2790 555 2861 condidere
568 2790 726 2859 nomina:
746 2789 831 2859 alter
847 2789 1308 2882 enim‚VittortoALr1nm,
1323 2797 1433 2866 Italicis

369 2901 495 2971 -litteris
521 2924 589 2969 non
619 2925 737 2995 porum
763 2899 891 2970 decoris
916 2899 1046 2968 eddidit
1071 2915 1104 2970 et
1126 2907 1340 2994 ornamenti3
1361 2907 1434 2978 alter

376 3026 506 3100 autem,
519 3014 706 3098 Lnoouvd,
716 3033 785 3079 non
799 3033 909 3105 parve
922 3009 1015 3105 apud
1026 3035 1088 3080 nos
1097 3012 1357 3088 existimationis
1370 3020 1433 3089 uit.

791 3187 1030 3214 —*—

394 3309 567 3402 Excerptn
594 3331 635 3375 ex
662 3281 822 3400 tregiedin
855 3315 987 3384 comitis
1012 3320 1187 3405 Acetum,
1221 3325 1277 3393 cui
1307 3324 1417 3396 titulus

822 3422 988 3496 Polim'ce.

753 3547 841 3639 (Act.
855 3554 888 3637 1,
909 3577 997 3622 scen.
1018 3555 1062 3642 1.)

827 3707 987 3750 ruricort.

452 3775 542 3836 Liere
556 3795 627 3834 orer
641 3793 717 3855 penu
736 3797 754 3836 n
771 3799 900 3860 porogon
916 3783 1083 3864 d'Edippo,

452 3865 574 3941 nadre,
588 3887 606 3926 e
620 3881 649 3928 te
665 3889 735 3948 per:
751 3890 797 3930 ma
811 3873 911 3934 dasne
925 3876 986 3936 fere
995 3890 1094 3955 ¹grotte

411 4039 435 4074 r.
449 4023 517 4074 Lim
525 4035 649 4086 mnne.
658 4026 723 4077 Vide
734 4029 820 4080 Nostr.
831 4031 950 4084 Phoenice.
962 4042 1023 4096 497,
1038 4035 1101 4100 531,
1115 4035 1178 4087 552.
