3090 5142
742 546 1152 572 mmmmm-mm

420 783 471 884 J.
517 769 817 890 LIPSIUS

95 1021 255 1090 rntttc.
282 1023 630 1094 RAPHELENGIO
657 1027 725 1092 ΓΒ.
750 1029 787 1094 F.
813 1025 1127 1098 PLANTINIANO

562 1205 595 1272 S.
618 1204 663 1270 D.

472 1429 760 1460 *u-

80 1633 193 1766 Qnon
212 1670 303 1734 serio
319 1667 454 1733 tandem
468 1690 603 1732 manum
619 1683 651 1731 et
669 1683 811 1733 mentem
825 1669 1005 1738 admoveris
1019 1672 1147 1740 Seneore

79 1775 253 1864 mgoediis,
274 1773 372 1839 valde
391 1772 424 1837 id
443 1773 554 1854 nobis,
570 1772 614 1837 mi
628 1773 654 1836 F
655 1774 811 1856 rancisce,
828 1791 965 1863 gratum.
979 1779 1021 1842 Et
1037 1802 1147 1846 nonne

80 1879 130 1942 din
147 1881 209 1944 tale
222 1880 355 1969 aliquid
370 1879 529 1968 oportuit,
543 1879 577 1942 in
593 1878 657 1943 hoc
674 1879 817 1968 ingenio,
831 1881 864 1943 in
879 1881 942 1946 hoc
957 1884 1048 1948 otio?
1063 1885 1147 1950 lllud

81 1983 179 2066 adest,
194 1985 290 2050 istud
306 2000 458 2074 superest
473 2007 481 2048 ε
500 2007 560 2048 nee
574 1983 666 2071 culpa
684 1983 738 2047 hic
754 2005 823 2048 esse
838 2000 963 2073 potest,
978 1987 1040 2052 nisi
1055 2011 1073 2052 a
1089 1988 1146 2054 de·

82 2090 143 2154 side
156 2090 343 2154 voluntate.
362 2089 461 2178 Atqui
472 2087 639 2178 ingenium
654 2104 692 2152 ut
705 2091 828 2152 ferrum
841 2113 911 2154 esse
920 2085 1022 2185 scito:
1038 2095 1146 2182 splen-

84 2195 198 2276 desoet,
214 2197 243 2260 si
266 2213 388 2260 utare:
415 2194 597 2283 rubiginem
614 2193 799 2277 contrahet,
818 2196 844 2259 si
862 2197 1027 2263 recondas.
1048 2201 1146 2264 Utere

83 2303 186 2391 igitur3
206 2319 241 2366 et
256 2301 422 2390 imprimis
436 2299 478 2364 ad
494 2300 562 2364 haee
575 2299 650 2376 ista,
665 2321 737 2386 quae
750 2295 881 2390 ‘gratiam
899 2301 958 2366 tibi
970 2303 1057 2391 apud
1075 2327 1145 2390 me,

84 2406 161 2494 apud
177 2429 299 2488 avum,
326 2407 445 2470 famam
466 2405 600 2493 gignent
616 2402 701 2491 apud
718 2426 842 2468 omnes.
864 2404 928 2470 Sed
946 2408 1146 2475 auxiliumne

84 2515 169 2578 etiam
191 2538 209 2578 a
231 2537 288 2578 me
304 2511 435 2602 poscis?
454 2533 515 2601 ego
534 2510 669 2574 consilio
686 2495 876 2576 defunctum
902 2535 956 2577 me
980 2513 1144 2602 putabam.

84 2619 197 2684 Tamen
213 2635 249 2683 et
267 2618 349 2683 illud
361 2617 493 2705 accipe:
517 2615 612 2680 simul
631 2615 664 2680 in
681 2615 731 2680 his
750 2617 866 2680 talibus
884 2639 994 2683 veram
1008 2641 1143 2704 vocem,

233 2766 313 2823 Atta
326 2771 349 2830 ὅ,
356 2791 381 2823 τι
389 2771 491 2841 φρονέεις
500 2791 507 2803 ·
517 2768 616 2822 retinet
627 2763 659 2821 di
670 2788 701 2840 με
712 2770 784 2838 θυμὸς
794 2768 892 2839 deripit.

86 2943 157 3008 Nam
176 2945 366 3009 amicissimi
383 2942 522 3007 Plantini
542 2923 605 3006 mei
628 2965 721 3008 causa
743 2941 823 3030 quid
843 2965 911 3006 non
934 2944 1050 3008 veiim?
1065 2944 1145 3033 quid

84 3073 142 3114 non
165 3067 198 3114 et
214 3073 279 3139 pro
298 3049 360 3114 ista
382 3047 584 3112 Flaminiana
603 3047 721 3135 stirpe?
740 3069 837 3134 quam
853 3047 942 3112 Deus
959 3049 1038 3112 mihi
1057 3049 1143 3114 sinat

84 3179 218 3221 crecere
236 3171 380 3237 rectam,
398 3169 432 3219 et
447 3155 479 3217 in
499 3169 584 3218 reeta
599 3153 726 3218 virtutis
742 3153 802 3218 via.

120 3271 194 3334 Tria
201 3271 297 3360 petis.
307 3267 443 3352 Quidde
452 3267 607 3355 scriptore
615 3265 838 3357 tragoediarum
847 3266 1144 3350 sentiami'Quidde

81 3375 212 3441 ordine?
238 3375 333 3458 Quid
350 3375 486 3438 habeam
502 3371 542 3437 ad
565 3371 669 3461 ipsas?
690 3373 739 3436 De
756 3372 863 3459 primo
880 3372 925 3436 sio
941 3373 1141 3461 respondeo,

81 3484 267 3572 soiptorem
277 3482 319 3546 iis
327 3480 420 3545 daria
429 3503 554 3544 menon
565 3501 684 3543 unum:
696 3500 755 3542 nec
762 3478 889 3543 criticos
898 3494 1026 3544 nostros
1033 3479 1143 3563 audio,

81 3589 129 3674 qui
144 3587 241 3652 aliter
256 3584 467 3674 pertendunt.
480 3583 607 3672 Stylum
618 3597 652 3646 et
666 3581 880 3647 elocutionem
898 3582 1043 3670 quisquis
1059 3587 1143 3650 serio

78 3685 1144 3784 paulomagisexaminat,nonamesentitisentimutprosectonihil

77 3799 177 3863 sentit.
193 3798 383 3862 Discrimen
394 3795 489 3858 nimis
499 3794 632 3858 clarum.
650 3792 813 3856 Octaviam
830 3808 863 3856 et
879 3792 1028 3858 Medeam
1044 3795 1142 3860 unius

76 3905 187 3969 mentis
197 3920 233 3968 et
246 3923 367 3967 manus
377 3923 447 3964 esse
456 3899 527 3987 quis
539 3898 674 3964 dixerit?
692 3899 764 3986 quis
775 3897 938 3963 Thebaida
953 3914 986 3964 et
995 3899 1145 3965 Troada?

73 4009 190 4097 peritus
207 4030 314 4073 nemo
328 4003 447 4086 judex,
464 4020 497 4069 et
512 4004 565 4068 oui
579 4003 747 4093 purgatior
761 4003 857 4090 paulo
870 4004 966 4068 auris.
994 4003 1064 4092 Ego
1079 4021 1144 4070 tres

71 4115 245 4204 scriptores
261 4113 409 4191 odoror,
423 4109 557 4174 sortasse
572 4124 605 4173 et
622 4123 786 4195 quartum.
802 4108 898 4174 Audi.
915 4109 1088 4197 Pleraeque
1104 4134 1144 4174 ex
