3118 5138
422 513 479 586 cxl
723 512 912 582 NOTITIA
938 512 1178 582 LITERARIA

420 659 495 698 soem
508 640 625 706 contuli,
640 651 710 693 etex
724 639 818 694 eodem
837 639 909 694 locos
926 640 1056 711 plurimos
1074 639 1237 695 deformatos
1253 643 1307 714 jem
1320 641 1348 694 in
1368 642 1495 716 aliquem

421 730 523 786 restitui
533 728 696 801 dignitatem.
709 753 720 773 ·

471 869 564 937 1568.
579 868 825 950 Anoterodami,
839 867 946 948 ἱ11-16,
963 867 1334 956 sumptibusSocietatis.
1346 871 1383 934 L.
1398 873 1494 936 Ann.

345 1039 346 1046 ,
423 981 550 1044 Seneeae
567 993 600 1042 et
615 977 752 1040 aliorum
773 973 949 1062 tragoediae,
968 975 1052 1039 serio
1069 973 1262 1058 emendatae,
1279 975 1380 1041 editio
1396 977 1494 1065 prio-

423 1083 513 1147 ribus
532 1082 628 1169 longe
649 1079 833 1144 correctior.
845 1116 889 1127 —
902 1079 1014 1144 Solum
1033 1095 1157 1144 textum
1176 1079 1274 1144 habet
1291 1083 1361 1145 sine
1379 1083 1494 1164 notis,

422 1208 581 1274 eumque,
597 1200 709 1249 contre
733 1205 831 1272 quam
851 1183 962 1248 titulus
981 1183 1164 1271 profitetur,
1186 1168 1332 1273 plurimis
1356 1185 1491 1252 mendis

424 1295 642 1384 deturpatum.
659 1291 717 1354 Est
728 1303 827 1379 penes
844 1312 914 1354 nos.
1295 1281 1298 1286 ’

457 1486 576 1570 AETAS
596 1491 643 1555 ΙΙΙ
666 1483 1460 1560 DELIllO·COMMELINO·SClllVEIilANA

844 1657 1068 1746 1576-1661.

466 1833 625 1898 Martinus
640 1832 716 1895 Ant.
734 1828 843 1894 Delrio
865 1827 947 1914 1576
962 1843 996 1892 et
1012 1811 1147 1892 feliciter
1162 1843 1285 1892 textum
1303 1829 1422 1916 passim
1438 1853 1492 1894 re·

424 1942 544 2021 stituit,
562 1955 595 2002 et
610 1953 741 2025 poetam
757 1935 841 1998 bene
859 1933 1047 2013 illustravit,
1064 1932 1153 1996 unde
1170 1933 1372 1999 Flaminiana
1388 1935 1458 2014 ejus
1474 1938 1489 2000 l

425 2051 563 2116 hahetur
577 2045 746 2134 princeps,
762 2041 890 2107 auctior
910 2057 1018 2104 tamen
1038 2039 1159 2129 prodiit
1183 2063 1268 2105 novo
1291 2041 1359 2120 ejus
1387 2044 1490 2106 Com·

424 2151 584 2219 memario
600 2147 693 2233 1594.
704 2148 873 2210 Curatores
885 2143 1006 2208 deinde
1019 2145 1183 2234 contigere
1194 2144 1354 2235 tragoediis
1365 2147 1490 2235 Lpst'us

425 2277 456 2324 et
471 2253 701 2346 Raphelengius
718 2249 822 2332 1588,
843 2250 884 2333 Q.
907 2250 993 2337 Sept.
1014 2249 1144 2314 Florem
1166 2249 1368 2315 Christianus
1385 2250 1489 2338 1589,

424 2366 513 2430 Hier.
523 2357 740 2436 Commelious,
756 2355 813 2443 qui
828 2371 952 2419 textum
970 2353 1079 2418 denuo
1095 2378 1169 2419 eum
1184 2351 1395 2420 octo-'novem
1408 2357 1490 2422 MSS
1541 2371 1542 2378 ’

424 2470 489 2534 Pal.
508 2467 659 2531 collatum
676 2483 751 2526 cum
768 2459 867 2547 Lipsii
885 2457 971 2522 notis
988 2457 1089 2523 edidit
1107 2458 1204 2546 1589,
1222 2458 1296 2525 dein
1313 2462 1396 2526 1600
1410 2484 1490 2526 cum

423 2574 494 2639 lani
511 2567 655 2646 Gruteri;
675 2564 780 2629 ethos
796 2563 924 2651 sequuti
941 2564 1006 2628 los.
1018 2563 1162 2651 Scaliger
1178 2580 1211 2629 et
1225 2563 1308 2629 Dan.
1325 2565 1489 2650 Heinsius,

424 2685 564 2769 quorum
575 2691 659 2737 curte
668 2669 806 2752 junctim
819 2667 969 2756 prodiere
980 2668 1074 2750 1611,
1086 2670 1129 2733 Is.
1142 2669 1313 2734 Pomanus.
1328 2672 1492 2736 Omnium

422 2787 560 2850 istorum
577 2799 687 2857 curas,
704 2791 837 2862 excepto
851 2772 979 2854 Delrio,
995 2772 1143 2838 collectas
1159 2773 1277 2858 edidit,
1298 2791 1494 2865 textumque

424 2892 533 2956 denuo
551 2883 690 2950 contulit
704 2903 781 2944 oum
798 2895 875 2943 vett.
890 2877 993 2943 Codd.
1011 2875 1044 2943 et'
1061 2879 1107 2944 sio
1121 2879 1345 2963 emendatum,
1360 2899 1399 2946 ut
1411 2882 1493 2946 dein

425 2997 508 3064 basis
527 2991 718 3068 haberetur,
736 2986 851 3050 Petrus
872 2984 1041 3048 Scriverius
1061 2986 1158 3069 1621,
1180 2987 1272 3068 cujus
1289 2988 1386 3051 etiam
1402 3011 1494 3052 curae

423 3099 588 3180 secunde,
605 3110 686 3159 teste
711 3089 889 3172 Farnahio,
912 3090 1141 3177 sperabantur,
1168 3090 1229 3154 sed
1241 3091 1348 3181 ipsum
1364 3093 1493 3157 coecitas

346 3189 349 3205 Ι
424 3204 592 3298 oppressit
618 3196 792 3264 Farnobius
808 3218 886 3260 vero
903 3196 990 3259 notis
1006 3195 1095 3260 haud
1111 3196 1356 3268 contemnendis
1369 3196 1493 3276 juren-

424 3314 486 3379 tuti
503 3309 654 3376 studiosae
666 3302 841 3368 consuluit.
855 3301 1002 3366 Tandem
1019 3303 1092 3366 Ant.
1106 3302 1239 3386 Thyst'us
1252 3302 1494 3366 Seriverianum

425 3433 549 3484 textum
567 3437 585 3477 a
606 3433 643 3475 se
663 3407 868 3496 recognitum
889 3421 1046 3495 notasque
1069 3389 1230 3495 priorum,
1252 3408 1346 3472 etiam
1365 3407 1494 3490 Delrii,

426 3523 555 3586 selectas
571 3531 605 3580 et
619 3527 782 3600 excerptas
797 3509 888 3574 dedit
909 3507 1000 3574 1651.

474 3681 567 3768 1576.
591 3676 790 3763 Antverpt'oe,
815 3674 900 3754 inni,
931 3693 970 3734 ex
999 3670 1084 3736 offic.
1110 3671 1295 3762 Christoph.
1324 3672 1494 3754 Plautiam,

428 3779 720 3872 Architypographi
749 3776 851 3866 liegii.
882 3775 923 3838 ln
952 3775 989 3839 L.
1014 3777 1102 3840 Ano.
1130 3774 1257 3840 Senecoe
1284 3775 1499 3843 Cordubensis

422 3907 526 3982 poetae
538 3885 716 3976 gravissinu’
729 3879 904 3968 tragoedias
922 3879 1041 3966 decem,
1064 3880 1180 3945 scilicet
1195 3881 1366 3946 Herculem
1383 3883 1500 3948 furen-

426 4017 512 4078 tem,
535 3992 706 4058 Herculem
731 3988 907 4068 sslltaeum,
934 3985 1112 4068 Medeam,
1129 3987 1358 4076 Hippolytum,
1387 3989 1500 4053 OEdi·

427 4126 523 4193 pum,
550 4093 764 4175 Thebaidem,
788 4093 981 4180 Thyestem,
1002 4091 1160 4174 Troadas,
1189 4095 1498 4182 Agamemnonem,
