3070 5158
380 547 449 637 ιιι
612 545 747 620 noris
772 549 820 620 ιιι
843 547 1225 622 superposuerunt.

418 688 463 736 62.
484 679 553 752 Quid
570 699 618 732 non
631 680 745 744 ambitio,
760 692 809 733 etc.
832 679 893 732 Haec
913 677 947 732 de
963 681 1115 734 ambitionis
1129 681 1268 734 furoribus
1281 693 1345 751 apte
1361 681 1434 749 dictu
1510 635 1511 728 i

376 760 422 816 sed
436 781 491 816 uon
504 760 566 813 satis
578 759 649 819 fuse,
664 779 714 830 pro
729 759 818 812 Nostri
836 757 1028 814 consuetudine
1045 772 1071 812 et
1084 761 1209 830 ingenio,
1230 761 1369 832 explicata.
1389 763 1436 817 Nec
1510 761 1511 774 ³

373 847 472 913 justam
493 839 574 892 modo
595 839 671 893 chori
687 837 910 910 amplitudinem,
929 837 975 892 sed
997 839 1127 912 etlflnent
1146 839 1260 892 secundi
1281 854 1356 894 actus
1370 845 1436 896 multi

374 935 454 976 erunt
472 921 520 992 qui
536 919 691 990 requirant:
706 938 788 990 quum
806 920 876 972 enim
892 919 962 972 hanc
978 918 1133 990 tragoesliam
1147 937 1339 974 consummare
1359 935 1384 974 et
1397 923 1435 976 ab·
1510 945 1511 992 ι

377 1003 479 1054 solvere
488 999 626 1052 Chifellius
641 1017 775 1070 aggressus
783 999 944 1064 fuerit,non
953 999 1064 1052 minoris
1078 1000 1209 1056 momenti
1223 999 1324 1053 ducere
1334 999 1431 1064 debuit,
1510 1011 1511 1018 ’

373 1083 393 1134 si
409 1081 563 1134 imminutas
576 1090 664 1148 partes
678 1079 705 1131 in
718 1077 863 1149 legitimam
878 1079 989 1132 formam
1005 1078 1258 1150 extenderet,quam
1273 1081 1295 1132 si
1308 1078 1402 1134 deletas
1413 1097 1433 1134 et

375 1161 486 1212 omnino
498 1159 584 1212 nullas
597 1177 628 1212 ex
641 1159 745 1229 integro
754 1157 914 1212 restitueret.
929 1161 968 1212 De
981 1159 1033 1212 hoc
1045 1157 1163 1212 meando
1178 1171 1250 1222 actu,
1266 1160 1371 1231 qualem
1385 1161 1432 1213 edi·

371 1241 443 1294 derit
462 1240 577 1302 Seneca,
596 1237 625 1290 id
644 1257 726 1290 unum
744 1239 877 1309 conjicere
895 1237 1066 1310 inpromptu
1086 1247 1143 1302 est,
1161 1239 1317 1310 Antigonen
1333 1239 1432 1312 UEdipo

371 1317 476 1374 tandem
486 1318 656 1388 persuasisse,
671 1330 700 1370 ιιι
711 1317 816 1376 Thebas
824 1331 964 1386 remearet,
974 1317 1061 1390 posito
1071 1329 1186 1370 mortem
1198 1318 1249 1370 sibi
1257 1319 1430 1374 consciscendi

371 1399 491 1452 consilio.
510 1397 643 1468 Antigone
659 1397 748 1462 enirn,
767 1416 825 1470 qum
840 1398 987 1468 genitorem
1003 1397 1123 1450 deserere
1138 1398 1305 1469 propietate
1320 1418 1429 1453 suanos

369 1477 478 1542 debuit,
492 1477 570 1530 initio
585 1477 673 1530 statim
688 1475 760 1530 tertii
773 1489 847 1530 aetus
860 1477 888 1528 in
906 1495 1010 1530 menam
1024 1475 1117 1548 prodit
1129 1477 1242 1531 Jocastsa
1258 1497 1358 1532 comes.
1371 1479 1430 1532 Etsi
1510 1505 1511 1536 ι

368 1559 427 1630 quis
441 1558 555 1610 affirmat
568 1557 675 1609 nonnisi
691 1569 816 1626 corrupta
829 1555 951 1610 codicum
968 1557 1125 1610 auctoritate
1142 1557 1170 1610 in
1183 1557 1265 1610 tertio
1279 1569 1341 1610 actu
1355 1570 1379 1611 et
1393 1579 1429 1611 re-
1510 1547 1511 1582 ³

367 1639 439 1710 liqna
451 1635 575 1707 tragoedia
589 1637 646 1706 ejus
656 1654 793 1708 personam
806 1636 952 1702 emersisse,
960 1649 1066 1707 reputet
1077 1649 1166 1690 tamen
1176 1638 1330 1708 Antigonen
1340 1637 1429 1691 'l'bebis

367 1716 438 1771 baud
458 1715 557 1781 dubie,
573 1713 639 1768 dum
654 1715 747 1768 fratres
767 1714 869 1784 privata
884 1735 973 1788 pugna
990 1715 1092 1770 bellurn
1111 1713 1288 1782 dirimerent,
1307 1715 1429 1784 adfuisse,
1510 1693 1511 1762 l

367 1799 467 1870 quippe
482 1814 541 1867 qum
563 1795 684 1868 Polynici
705 1797 774 1866 justa
795 1795 958 1868 persolverit.
979 1795 1045 1850 vid.
1060 1795 1202 1849 Animadr.
1219 1795 1254 1848 ad
1275 1814 1343 1848 rm
1361 1799 1426 1860 tot,
1510 1791 1511 1804 ¹

363 1897 424 1949 pag.
444 1875 509 1938 458.
525 1873 641 1928 Videtur
654 1894 763 1947 quoque
779 1873 906 1930 excidisse
922 1875 1027 1928 initium
1043 1875 1115 1928 tertii
1130 1889 1218 1942 actus,
1232 1877 1289 1928 line
1302 1875 1409 1946 integro.

407 1955 453 2010 85.
469 1955 571 2007 Frustra
583 1975 712 2026 properos,
729 1967 777 2006 etc
793 1953 898 2010 Tertius
912 1954 956 2008 ille
971 1953 1004 2007 de
1012 1955 1215 2008 immanissimis
1231 1957 1344 2008 fratrum
1361 1957 1427 2010 iuru-

363 2037 438 2090 ribns
447 2033 544 2088 chorus
554 2035 656 2126 frigere
665 2033 841 2100 videbitur,¹
821 2053 843 2086 st
854 2033 887 2086 ad
898 2053 939 2088 rea
951 2033 1019 2105 ipsas
1028 2034 1056 2086 in
1065 2053 1097 2086 eo
1108 2035 1256 2108 descriptas
1267 2035 1424 2107 respicietur.

363 2113 472 2170 Frustra
485 2113 604 2186 requiras
617 2133 671 2166 non
688 2133 744 2167 eam
761 2114 846 2166 solum
860 2113 1039 2186 Euripidis
1014 2133 1068 2168 ιιιιι
1084 2127 1110 2167 et
1112 2116 1274 2214 impeturn,
1290 2134 1351 2186 qua
1364 2136 1424 2169 vers.

364 2213 438 2264 791,
450 2175 725 2264 Ωπολύμιχθιςλρης,
740 2205 790 2246 etc.
803 2206 866 2246 etv
882 2193 1030 2264 129o,tt‚
1045 2195 1085 2262 ul,
1096 2193 1139 2260 ui,
1150 2195 1191 2248 al·
1208 2193 1424 2266 τριμιρὰιςρίιιι,

361 2288 412 2329 etc.
428 2275 517 2327 choris
531 2273 585 2326 suis
603 2274 711 2326 Grecos
725 2271 829 2326 addidit
844 2285 933 2339 vstes;
951 2272 998 2326 sed
1013 2292 1063 2327 nec
1081 2275 1142 2328 satis
1158 2276 1313 2346 agnoscitur
1330 2276 1423 2340 subur,

360 2353 434 2428 quod
448 2353 502 2408 suis
517 2358 613 2406 Noster
626 2353 691 2406 solet
704 2351 853 2406 infundere.

403 2453 466 2488 ιιο.
490 2431 582 2486 Mania
601 2431 702 2496 Cadmi,
724 2445 773 2485 etc.
796 2433 856 2484 Non
878 2431 1084 2504 reprehensione
1106 2446 1179 2486 caret
1194 2445 1222 2486 et
1246 2433 1335 2506 quarti
1358 2447 1422 2488 actas

360 2515 470 2568 chorus.
485 2513 582 2584 partim
596 2529 628 2563 ax
639 2509 778 2580 Euripidis
790 2511 888 2576 choro
903 2531 929 2564 ι.
946 2531 1000 2582 791
1022 2525 1132 2584 etseqq
1148 2513 1295 2585 partimur
1310 2513 1421 2586 ejusdem

359 2591 492 2664 tragoediae
504 2590 678 2662 expositione,
688 2609 714 2644 ι.
730 2609 741 2642 ι
757 2603 783 2642 ct
795 2609 868 2662 seqq.
882 2589 1055 2662 desumptus,
1070 2611 1124 2664 quo
1134 2591 1247 2664 quidem
1263 2594 1421 2664 explicantur

358 2687 384 2726 et
396 2671 476 2744 paulo
485 2669 637 2752 frigidius
618 2682 793 2724 retractantur
805 2687 864 2742 quta
873 2690 952 2742 supra
962 2671 1033 2724 dicta
1043 2684 1144 2738 sunt,«
1133 2684 1261 2745 «sceptra
1274 2671 1418 2726 Thebarum

357 2753 429 2805 fuit'
422 2769 530 2822 nnpuue
543 2723 637 2803 nulli
626 2769 749 2822 gerere.
738 2749 846 2802 »Ἠιο
839 2751 990 2804 incitatione
1003 2769 1092 2804 carere
1104 2753 1257 2823 presertim
1272 2752 1406 2804 eborus'
1383 2771 1417 2805 ιι-

357 2829 450 2895 detur,
464 2827 558 2902 quod
551 2849 580 2882 ιιι
594 2842 690 2901 quarto
704 2843 761 2884 actu
776 2829 973 2884 vehementiora
986 2831 1078 2882 haberi
1094 2832 1215 2898 soleant,
1234 2843 1265 2884 ut
1281 2831 1308 2883 in
1323 2831 1416 2903 quoad

357 2930 490 2965 sumntum
507 2928 593 2980 prope
608 2929 649 2962 res
664 2908 776 2965 deducta
791 2909 887 2976 fucrit,
903 2922 929 2964 et
944 2929 1064 2982 suspensi
1057 2872 1247 2966 'audientidm
1262 2911 1343 2963 animi
1356 2932 1417 2964 non·

356 2991 407 3044 nisi
421 2991 523 3061 mugnis
537 2989 656 3042 motibus
669 2989 769 3061 possint
784 2987 905 3043 detineri.

400 3071 464 3140 157.
482 3069 578 3122 Adrum
594 3089 698 3139 pareus,
714 3081 764 3121 ete.
782 3069 899 3134 Quartus
915 3080 986 3123 actus
1005 3069 1121 3140 integer,
1139 3083 1169 3122 nt
1189 3067 1314 3134 videtur,
1329 3069 1361 3122 ad
1372 3090 1415 3122 nos

356 3150 492 3221 pervenit,
507 3147 558 3201 nisi
573 3147 645 3218 quod
656 3149 733 3220 pauci
747 3149 774 3200 in
791 3149 845 3201 fine
860 3148 982 3202 deficiant
998 3167 1096 3202 versus.
1110 3149 1230 3215 Quintus
1242 3163 1332 3202 contra
1347 3150 1413 3201 omni

356 3249 387 3282 ex
401 3242 476 3302 parte
490 3226 704 3281 desiderabatur:
720 3247 800 3298 quens
814 3239 843 3282 ιιι
856 3242 984 3284 retexerat
995 3229 1152 3292 chitstlius,
1168 3229 1184 3280 J
1187 3241 1302 3281 ocastam
1316 3228 1414 3282 induxit

354 3309 513 3362 calamitates
520 3325 578 3360 suas
588 3307 730 3377 lugentem,
740 3307 931 3380 OEdipumque
940 3309 1012 3362 inter
1025 3309 1069 3361 illa
1082 3325 1192 3362 suorum
1200 3309 1280 3372 mala,
1289 3321 1319 3360 ut
1330 3309 1356 3360 in
1363 3309 1414 3360 Eu·

355 3388 451 3459 ripidc,
459 3388 509 3440 sibi
519 3387 593 3440 triste
608 3399 634 3440 et
651 3388 747 3440 acerbe
759 3387 946 3458 gratulantem,
962 3389 1085 3459 morique
1097 3401 1201 3442 certum
1216 3388 1316 3440 Thebis
1329 3407 1413 3440 rursus

353 3467 540 3533 excedentem,
553 3467 696 3520 comitante
707 3467 762 3520 filia
777 3471 923 3538 Antigone,
939 3485 1103 3539 uxoremque
1114 3468 1248 3522 locustam
1265 3467 1349 3520 letum
1365 3469 1412 3519 sibi

273 3615 276 3621 .
352 3549 519 3601 inferentem.
532 3546 594 3599 Hec
606 3547 661 3598 sere
673 3545 764 3612 endem
777 3548 804 3600 in
816 3547 909 3601 Greco
923 3560 1013 3620 poeta3
1026 3546 1072 3600 sed
1082 3565 1164 3618 quam
1176 3548 1276 3600 restim
1286 3545 1412 3610 adhibita,

351 3646 431 3698 quarn
442 3627 529 3698 aptius
539 3623 573 3677 ad
586 3625 715 3678 rationem
732 3627 812 3679 totius
827 3626 958 3698 tragoedias
971 3625 1184 3680 accommodata!
1196 3627 1273 3678 Mors
1285 3626 1353 3680 enim
1366 3627 1411 3678 Jo-

350 3720 427 3760 castm
441 3727 454 3758 a
469 3705 565 3758 nuntio
581 3706 609 3758 in
622 3703 752 3774 Euripide
767 3718 903 3771 narratur,
920 3708 990 3760 inter
1003 3708 1146 3778 jacentium
1165 3705 1286 3759 filiorum
1304 3724 1410 3776 corpora

348 3785 500 3848 exstinctu,
515 3783 588 3854 qnod
606 3785 718 3855 propius
732 3803 796 3838 vero
815 3805 894 3839 nemo
911 3806 966 3839 ιιοιι
982 3785 1094 3839 fateatur
1105 3798 1133 3839 et
1153 3783 1187 3838 ad
1206 3785 1409 3838 commovendos

301 3905 305 3914 .
347 3865 610 3935 unimospotentins,
626 3883 705 3936 quam
720 3869 809 3920 multra
823 3866 875 3919 itte
884 3879 911 3920 et
922 3865 1026 3919 diffusa
1036 3867 1118 3937 ipsius
1128 3864 1412 3938 querele,tumidaet
1510 3873 1511 3880 ’

347 3945 489 4016 ampullata
504 3946 624 3998 oratione
637 3957 748 3998 rnortem
764 3942 814 3998 sibi
828 3947 981 4000 minitantis.
998 3945 1031 3999 Id
1045 3959 1131 3998 antem
1145 3963 1181 3998 ne
1194 3947 1255 4018 qnia
1268 3945 1367 4016 judicet
1383 3946 1409 3997 ia

346 4023 740 4096 Chisellioreprehendendum,
752 4024 857 4080 Seneca
867 4026 1019 4096 ingenium,
1033 4039 1062 4079 ut
1077 4044 1127 4096 par
1137 4039 1208 4090 erat,
1221 4039 1321 4079 secuto.
1333 4023 1409 4078 Aliud

345 4118 434 4159 autem
447 4123 502 4160 ιιοιι
514 4103 571 4158 sine
587 4107 647 4176 jure
661 4106 735 4175 argui
751 4106 847 4176 possit,
863 4105 934 4176 quod
948 4105 1088 4176 OEdipum
1099 4123 1154 4159 ιιοιι
1170 4103 1255 4158 modo
1268 4105 1297 4158 in
1309 4123 1409 4160 socnam
