3172 5138
332 480 335 494 '
410 520 686 590 iniustus.
714 522 820 590 Aer.
848 523 913 590 iv.
1119 520 1193 616 309

291 646 449 718 Fluminis
470 651 585 736 instar,
604 647 748 720 lubricus
768 653 909 746 Anguis,
1156 679 1193 730 ενι

293 756 483 849 Magnoque
505 757 613 824 minor
628 756 743 848 juncte
761 759 906 827 Draconi

294 861 425 954 Frigida
442 860 527 932 duro
544 863 715 955 Cynosura
730 861 822 956 gelu,

293 967 479 1060 Custosque
496 969 545 1036 sui
561 966 674 1036 tardus
691 967 828 1062 plaustri

293 1073 366 1139 Jarn
385 1096 452 1143 non
471 1071 595 1172 stubilis
610 1089 684 1143 ruet
697 1072 928 1166 Arctophylax.

294 1178 364 1246 Nos
382 1202 401 1246 e
419 1191 511 1247 tnnto
526 1180 587 1248 visi
603 1178 726 1273 populo

292 1283 409 1377 Digni,
425 1300 589 1379 premeret
601 1309 685 1379 quos
700 1309 815 1355 everso

514 1391 657 1460 Cardine
678 1390 828 1461 mundus.

296 1495 416 1592 Ionos
437 1511 514 1566 aetas
535 1494 650 1567 ultima
666 1500 764 1567 venit.

296 1603 328 1670 Ο
344 1625 404 1670 nos
419 1601 504 1672 dura
519 1619 607 1672 sorte
623 1619 769 1687 creatos,

296 1707 361 1774 Seu
381 1707 581 1800 perdidimus
603 1708 703 1780 solem
723 1710 849 1793 miseri,
1159 1739 1195 1773 n..

298 1811 373 1880 Sive
388 1811 588 1908 expulimus!
609 1815 736 1885 Abeant
752 1827 885 1908 questus
902 1839 909 1879 :
991 1815 994 1822 “

137 2023 184 2065 aut
195 2012 291 2078 Dreoo,
300 2013 347 2084 qui
357 2014 477 2085 ourporie
485 2017 525 2070 eui
535 2015 645 2070 nexibus
689 2013 826 2076 viderunt,
837 2026 865 2068 et
873 2031 1015 2068 numerum
1022 2014 1157 2068 etelleruur
1166 2017 1194 2069 in

139 2091 222 2144 Urere
229 2091 368 2145 involvere
376 2092 482 2147 ridetur
493 2107 519 2147 et
529 2095 644 2164 elligere.
688 2113 846 2166 unoquoque
860 2093 948 2165 epeoie
961 2094 1080 2164 eorporis
1096 2096 1195 2148 consti-

140 2167 205 2221 vid.
216 2171 314 2242 llyglu.
326 2184 397 2242 poet.
410 2185 508 2226 astron.
520 2174 645 2239 11,3,et
688 2185 812 2240 tuorum,
836 2190 891 2225 nou
908 2173 1033 2234 Arctum,
1052 2171 1099 2225 red
1118 2174 1195 2226 Pleu·

139 2249 199 2313 111,
213 2269 239 2303 e.
250 2249 343 2304 Menil.
354 2251 382 2315 1,
395 2252 447 2306 ³05
460 2271 467 2306 :
482 2253 551 2306 ulier
561 2252 644 2306 inter·
688 2265 772 2306 etrum
796 2252 999 2305 nominaverunt
1017 2269 1023 2304 :
1040 2269 1071 2304 ex
1095 2265 1195 2323 reptem

138 2327 229 2392 fusor,
242 2328 393 2402 circumque
402 2331 536 2402 amplexus
546 2344 645 2384 utrem·
689 2332 770 2384 stellis
784 2329 844 2384 duee
858 2349 916 2403 qun
930 2331 1026 2403 pariles
1042 2343 1069 2383 et
1083 2333 1196 2385 maxime

139 2424 195 2476 que
207 2407 321 2472 Dividit,
333 2422 359 2463 et
367 2410 449 2480 cingit
461 2411 541 2464 stellio
551 2408 645 2464 erden·
690 2411 718 2463 iu
730 2429 785 2464 uno
795 2411 855 2464 loco
867 2408 1037 2475 viderentur,
1049 2428 1100 2480 pro
1110 2413 1197 2468 bobue

141 2487 214 2538 tibur
230 2489 345 2558 Anguis,
360 2501 427 2542 etc.»
689 2490 867 2556 haberentur3
885 2489 992 2561 reliquee
1011 2501 1096 2542 nutem
1115 2492 1195 2562 quin·

182 2567 248 2635 870.
260 2567 377 2620 Fluminis
386 2571 469 2620 instar.
482 2569 610 2622 Flexnoso
622 2581 648 2621 et
689 2585 741 2640 que
763 2569 876 2640 ligurum
899 2569 1008 2640 pleuetri
1032 2569 1195 2624 simularent.

140 2645 610 2718 ambitioeoemnisimiliovirgiliue,
619 2649 647 2701 iu
663 2669 666 2678 ⁴
689 2650 781 2720 Itaque
794 2661 820 2701 et
832 2647 904 2720 quod
917 2648 1068 2719 proximum
1081 2649 1144 2704 hnic
1157 2662 1197 2703 eet

141 2723 648 2795 Georg.1‚244:·Muximurhioflexu
689 2728 794 2799 riguum
819 2729 928 2780 Bootem
952 2727 1083 2780 nominari
1104 2730 1197 2781 volue-

141 2802 249 2857 rinnoeo
279 2806 393 2860 elabitur
418 2807 518 2876 Anguis
539 2807 648 2860 Circum
690 2821 768 2871 runt,
784 2819 833 2860 eto.
847 2833 858 2852 ι
876 2837 916 2850 --
933 2807 1036 2858 Turrim.
1053 2805 1149 2860 Catull.
1162 2806 1197 2860 de

141 2900 243 2954 perque
266 2882 331 2938 duee
350 2885 379 2937 in
404 2903 506 2938 morem
531 2885 648 2939 fluminis
691 2904 759 2940 oom.
773 2886 869 2940 Bereu.
882 2889 918 2955 67
932 2901 939 2936 ε
954 2886 1066 2938 ·Vertor
1079 2887 1107 2938 in
1122 2904 1197 2938 oocu-

142 2963 246 3016 Arctoe.
259 2989 270 3010 ι
691 2984 749 3018 rum
769 2963 873 3018 tardum
894 2962 949 3017 dux
970 2976 1030 3017 ente
1054 2965 1164 3018 Booten.
1182 2977 1193 2997 ¹

185 3044 252 3112 872.
275 3041 408 3112 Cynosura.
436 3045 528 3097 Arctos
554 3044 649 3096 minor.
690 3043 895 3098 Turdueuutem
909 3041 1018 3108 dicitur,
1031 3044 1093 3115 quio
1107 3045 1198 3097 omnir

143 3117 209 3174 Vid.
224 3133 281 3174 not.
294 3121 326 3174 nd
339 3123 417 3176 Hero.
429 3125 479 3176 fur.
496 3127 522 3176 6.
690 3122 777 3176 nidera
797 3141 857 3194 quae
872 3123 957 3194 posite
977 3135 1039 3176 eunt
1066 3123 1107 3174 ubi
1122 3125 1199 3175 circn-

185 3201 252 3269 873.
269 3199 415 3274 Castorque,
430 3215 482 3256 etc.
501 3205 541 3255 De
554 3203 648 3255 Arcto·
693 3203 730 3254 lus
738 3221 805 3254 neem
820 3201 922 3254 Ultimus
935 3214 1062 3254 extimum
1076 3207 1200 3274 spatioque

143 3279 258 3349 phylace
264 3298 310 3332 seu
317 3281 399 3334 Boote
408 3281 461 3334 vid.
470 3281 568 3352 Hygin.
579 3294 649 3352 poet.
693 3281 838 3334 brevissimus
848 3280 924 3332 ambit
932 3277 1022 3343 (Ovid.
1034 3281 1143 3336 Metam.
1156 3283 1199 3346 Π,

143 3371 243 3412 eutron.
254 3361 296 3422 11,
313 3365 345 3423 ά,
358 3373 384 3412 et
395 3362 450 3425 111,
463 3360 489 3413 3.
501 3361 651 3414 Plaustrum
695 3357 777 3424 516),
789 3357 890 3412 tardius
903 3378 981 3413 suum
991 3377 1086 3431 gyrum
1095 3361 1201 3432 explere

143 3449 233 3490 autem
246 3437 319 3509 quod
332 3439 435 3510 inrequi
448 3440 569 3511 fingitur,
583 3439 651 3492 nihil
693 3438 828 3493 videntur.

143 3515 219 3570 uliud
229 3529 268 3570 eet
278 3536 356 3588 quem
367 3521 459 3572 Arctoe
471 3522 571 3590 major,
580 3531 610 3572 ut
620 3536 652 3572 ex
735 3517 801 3588 87⁵.
816 3517 869 3570 Nos
882 3538 895 3568 e
910 3530 994 3580 tanto,
1010 3530 1060 3570 ete.
1075 3519 1114 3570 Ex
1128 3531 1201 3572 toute

141 3597 205 3666 ipso
217 3598 325 3651 nomine
336 3599 487 3668 ἀρκτοφύλιιξ
499 3612 578 3670 petet.
589 3599 653 3650 Tru·
694 3597 834 3650 homiuum
845 3595 1030 3662 multitudiue,
1039 3615 1096 3667 qun
1105 3596 1202 3651 huone·

142 3673 187 3727 dit
199 3675 297 3748 Hygln.
307 3689 377 3748 poet.
386 3690 484 3731 eetrou.
494 3678 537 3742 11,
551 3697 577 3742 r,
589 3679 654 3730 dr·
695 3677 784 3748 quein
797 3675 873 3729 terrio
883 3675 963 3738 vixit,
972 3693 1020 3728 nor
1033 3676 1202 3730 solummodo

143 3766 203 3808 ctos
220 3755 380 3826 appellatae,
398 3774 463 3827 quas
482 3757 594 3812 Romani
611 3757 655 3809 Se·
696 3754 771 3827 digni
781 3756 830 3808 riri
841 3755 988 3826 sumusqui
999 3755 1054 3808 culi
1065 3756 1141 3809 ruina
1152 3777 1202 3829 op·

143 3834 520 3904 ptemtrioneudixerunt3eed
529 3838 654 3906 majorem
696 3837 881 3907 primeremnr.

145 3915 250 3967 Arcton
259 3916 410 3986 complures
417 3915 535 3986 plaustro
543 3915 654 3968 einrllem
739 3917 803 3985 877.
819 3912 933 3966 Cardine.
947 3914 1068 3984 Utroque
1082 3916 1153 3985 polo.

144 3993 260 4058 dixisse,
274 4005 301 4046 et
311 3995 408 4064 ἅμαξαν
421 3995 526 4048 Grecos
540 3995 654 4067 appellu-
739 3997 801 4047 880.
823 3993 869 4045 Seu
888 3993 1034 4064 perdidimus
1047 3995 1132 4058 solem,
1155 4007 1205 4048 eto.

145 4076 231 4132 virere
245 4075 320 4144 cujue
336 4074 392 4127 huc
405 4073 537 4126 memorio
551 4071 655 4144 proditu
698 4073 758 4126 Sive
778 4091 825 4143 per
845 4090 873 4124 ee
893 4085 919 4126 et
938 4073 1050 4125 naturali
1066 4090 1141 4126 ounsa
1157 4093 1205 4126 nec

144 4165 285 4207 estcaurn.
299 4155 330 4204 ln
344 4153 421 4206 initio
435 4155 480 4223 qui
496 4152 581 4205 sidera
596 4171 655 4222 per·
699 4153 771 4205 iratis
800 4150 850 4204 diis
875 4153 914 4204 rol
941 4153 1085 4206 exstinctus
1111 4153 1210 4216 fuerit,

960 4245 1027 4327 ‘10³
