3070 5158
391 569 462 655 aas
681 575 721 642 n.
749 541 1162 643 auunr'snnnorn

437 699 526 781 Aut,
546 721 612 790 qua
632 694 717 764 latus
731 696 802 789 jam
824 695 962 790 propius
982 694 1114 764 Orienti
1137 693 1248 780 dedit,

436 809 625 899 Totamque
646 806 771 875 crebris
793 805 958 899 portubus
979 805 1115 897 Lyciam
1137 803 1251 872 videt:
1340 843 1343 853 ·

439 919 517 984 Haec
536 941 638 1010 regna
654 915 741 983 ferro
759 941 893 1010 quaere:
917 917 950 983 in
969 913 1031 982 hos
1051 913 1195 1008 populos
1216 911 1304 982 ferat

437 1027 538 1092 Socer
557 1010 650 1092 arma
668 1025 786 1093 fortis:
805 1023 865 1093 has
883 1039 978 1119 paret
998 1038 1129 1128 seeptro
1149 1037 1209 1093 tuo
1416 1052 1451 1090 as

437 1134 626 1228 Tradatque
640 1149 763 1230 gentes.
781 1139 857 1204 Hoc
870 1134 980 1204 adhuc
995 1159 1134 1228 regnum
1151 1149 1235 1229 puta

437 1247 564 1313 Tenere
581 1259 720 1339 patrem.
741 1245 864 1314 Melius
884 1245 1034 1335 exsilium
1053 1259 1102 1314 est
1122 1245 1203 1330 tibi,

437 1357 547 1444 Quam
566 1355 693 1425 reditus
712 1356 795 1424 iste:
816 1356 956 1425 crimine
976 1354 1086 1424 alieno
1108 1352 1255 1441 exsulas,

436 1461 510 1536 Tuo
529 1459 663 1534 redibis.
683 1463 804 1536 Melius
827 1461 898 1534 istis
920 1466 1049 1535 viribus

435 1578 529 1644 Nova
546 1599 648 1670 regna
668 1574 761 1645 nullo
779 1575 899 1645 scelere
917 1573 1083 1644 maculata
1097 1590 1246 1670 oppetes.
1418 1603 1452 1642 s„

435 1686 529 1772 Quin
549 1685 618 1778 ipse
634 1683 747 1768 frater,
765 1706 858 1754 arma
876 1685 1057 1754 comitatus
1076 1700 1154 1767 tua,

435 1795 510 1865 Tibi
526 1795 693 1888 militabit.
713 1796 830 1883 Vade,
850 1811 886 1865 et
909 1789 944 1864 id
965 1794 1087 1866 bellum
1107 1820 1203 1889 gere,

436 1911 475 1975 In
497 1931 565 2001 quo
589 1921 683 2000 pater
701 1921 874 2001 materque
892 1909 1056 2001 pugnanti
1074 1906 1136 1974 tibi

435 2019 558 2086 Favere
578 2017 732 2111 possint:
755 2041 857 2111 regna
877 2041 956 2086 eum
978 2015 1099 2084 scelere
1118 2013 1278 2084 omnibus

434 2130 523 2198 Sunt
539 2126 661 2196 exsiliis
680 2127 842 2221 graviora.
860 2129 959 2199 Nunc
977 2123 1055 2196 belli
1074 2123 1161 2195 mala
1418 2153 1451 2192 εις

384 2361 410 2394 v.
424 2339 465 2394 28.
485 2341 586 2394 Lucan.
600 2340 722 2410 11,674,
736 2351 761 2391 et
773 2338 830 2402 vl,
850 2337 891 2391 55.
972 2341 1035 2392 616.
1049 2344 1101 2390 Boc
1115 2341 1196 2392 adduc
1206 2359 1330 2408 regnatas,
1345 2352 1396 2394 etc.
1408 2343 1452 2394 nu

383 2421 452 2474 Plio.
467 2419 519 2484 lv,
537 2436 579 2484 rr,
594 2430 619 2472 et
633 2417 665 2476 V,
678 2435 736 2490 cap.
751 2419 798 2471 ult.
936 2418 1004 2471 stine
1028 2419 1158 2473 Thebano
1174 2437 1277 2490 regno,
1298 2419 1380 2491 qnasi
1406 2421 1452 2474 lior

419 2503 478 2552 ou.
497 2504 554 2566 Qua
572 2500 655 2560 latus,
672 2507 722 2549 etc.
742 2497 800 2560 Qua
819 2513 891 2548 mare
937 2496 1025 2550 adhue
1037 2507 1138 2550 teneret
1148 2509 1234 2568 pater.

381 2579 487 2632 lonium
495 2575 540 2630 dat
551 2576 618 2628 latus
629 2573 746 2636 Orienti,
759 2575 845 2632 idest,
856 2573 890 2626 ad
971 2577 1031 2629 618.
1040 2583 1119 2645 eram
1129 2579 1219 2628 reditus
1228 2581 1283 2628 iste.
1290 2577 1409 2649 Turpius
1417 2590 1450 2630 est

382 2657 516 2711 Orientem
530 2655 612 2725 vergit
626 2667 653 2706 et
666 2653 825 2707 extenditur.
837 2653 893 2706 Fle·
938 2655 988 2707 tibi
999 2657 1036 2707 sic
1051 2655 1158 2718 redire,
1172 2655 1200 2709 id
1211 2669 1267 2721 est,
1280 2657 1308 2709 vi
1322 2676 1448 2711 morum

382 2739 431 2792 etit
448 2735 517 2789 enim
536 2751 564 2787 se
583 2751 657 2786 snare
675 2733 799 2798 Ionium,
820 2733 892 2787 eirca
936 2733 964 2786 in
979 2736 1090 2805 patriam
1101 2735 1220 2801 restitui,
1231 2739 1316 2808 quain
1326 2739 1448 2792 exsulare:

381 2815 497 2871 Cnidum
507 2811 699 2884 Rhodumque,
708 2825 733 2864 et
740 2812 848 2882 Lyciam
859 2813 892 2864 al·
935 2814 1020 2866 scelus
1029 2815 1099 2867 enim
1113 2815 1230 2868 alienum
1241 2828 1295 2878 est,
1307 2818 1331 2869 si
1344 2821 1449 2884 exsulum

383 2897 489 2958 luit‚et
497 2895 570 2964 largo
578 2891 638 2944 sinu
648 2891 715 2943 Asis
726 2890 890 2944 admovetur.
934 2905 1027 2954 tuum,
1047 2892 1069 2946 si
1085 2912 1198 2964 reguum
1219 2895 1303 2950 umis
1317 2897 1449 2951 hostilibus

417 2979 478 3038 614.
490 2977 549 3026 Hoeo
562 2990 637 3038 raquo
643 2967 717 3038 fem
730 2989 826 3038 quaere,
841 2983 889 3024 etc.
933 2970 1067 3024 invaseris.

380 3055 458 3108 Hune
471 3051 557 3106 Nostri
575 3052 664 3103 locutu
683 3048 823 3102 adornavit
841 3051 891 3101 m-
970 3055 1032 3119 619.
1048 3055 1104 3104 Isn's
1118 3055 1221 3104 viribus.
1238 3052 1331 3107 Setius
1348 3067 1388 3108 est
1408 3055 1449 3107 tihi

381 3153 467 3197 oras,
485 3136 519 3184 les
536 3134 620 3182 mres
636 3130 756 3192 emersis,
770 3140 820 3182 act.
839 3129 890 3196 tv,
935 3141 974 3181 tot
985 3130 1110 3184 militibus
1119 3129 1287 3204 ducibusque
1295 3153 1366 3186 nova
1376 3154 1448 3208 regns

382 3233 453 3269 soen.
466 3211 499 3265 ³:
935 3227 1064 3280 querere,
1082 3229 1141 3281 quar
1153 3210 1228 3264 nullo
1241 3212 1347 3266 scelere
1364 3233 1448 3268 conse·

378 3343 512 3396 hltssplos,
523 3347 579 3381 unos
589 3345 634 3380 tout
646 3337 672 3378 ds
689 3343 746 3378 rotro
763 3337 827 3390 grand
842 3349 890 3378 ooa-
934 3307 1032 3360 quam

376 3471 420 3520 Qoe
429 3417 486 3506 :isis
493 3429 548 3504 ⁸liras
557 3469 601 3504 tout
614 3463 657 3502 saul
667 3459 719 3501 fasso
729 3468 787 3500 votes
798 3468 890 3515 pertago.
934 3447 1032 3500 scelere
1040 3459 1123 3518 putta.
1135 3449 1243 3500 Reum
1252 3487 1261 3513 ,
1270 3453 1307 3500 les
1317 3455 1399 3501 Ftdm
1411 3471 1447 3501 en·

934 3530 1027 3590 nemu,
1039 3537 1090 3578 act.
1105 3525 1136 3590 1,
1151 3544 1223 3579 soen.
1235 3527 1250 3580 3
1264 3546 1272 3581 :

970 3371 1030 3431 624.
1039 3367 1122 3437 Regna
1130 3387 1185 3419 oum
1193 3373 1296 3436 scelere,
1304 3383 1358 3424 etc.
1367 3371 1445 3442 Regm
1513 3419 1514 3447 p

933 3625 1446 3678 ummnnepourvouua-etteumaethmun
1512 3629 1513 3664 ξ

393 3728 405 3754 u
442 3664 475 3753 οἳ
499 3663 538 3751 τι,
554 3708 582 3751 ὠ
596 3721 647 3749 m,
663 3708 707 3748 „ul
722 3720 771 3761 “W
788 3707 842 3748 dnn
859 3707 884 3748 ὼ
928 3685 949 3724 st
962 3697 998 3736 par
1009 3699 1035 3725 un
1045 3685 1146 3738 parricide
1154 3687 1169 3726 ll
1178 3688 1196 3726 la
1206 3687 1274 3758 ¹lullsit
1287 3700 1372 3739 gsgnoe.
1433 3751 1435 3757 .

928 3747 974 3788 Ahl
992 3747 1097 3794 snouffls,
1114 3748 1125 3786 1
1142 3761 1165 3788 os
1179 3761 1227 3801 pru
1243 3750 1445 3790 rosaria-vome

374 3837 636 3888 Millesoeptresuoamux
643 3829 816 3872 s’ollrsntlvotre
824 3831 883 3886 ὁρῶ,
983 3809 1050 3860 ⁸¹¹⁸?

375 3895 595 3948 sanequed'nnung
609 3893 627 3934 si
643 3893 691 3932 cher
705 3893 884 3946 uouslnwyions
963 3886 1024 3938 615.
1042 3888 1288 3952 trunchetum,
1303 3899 1353 3940 etc.
1369 3887 1442 3940 Nunc
1511 3877 1512 3888 .

427 3954 523 4010 rmnpe'e.
931 3977 1018 4018 autem
1033 3963 1082 4016 tibi
1093 3974 1156 4016 ante
1171 3965 1265 4018 oeulos
1283 3983 1405 4038 propone
1417 3980 1441 4018 et

373 4023 414 4060 vos
424 4017 539 4125 iiiiii?
554 4027 607 4070 pour
620 4015 661 4054 mot
678 4018 774 4056 numam
786 4016 829 4058 '¹⁸⁸
842 4029 882 4070 (μ’
926 4042 988 4096 belli
1004 4043 1072 4096 mala
1091 4053 1116 4094 et
1130 4061 1236 4115 semper
1251 4045 1382 4098 incertam
1394 4062 1438 4116 pu.

372 4147 396 4183 11
405 4151 462 4182 votes
471 4139 524 4181 tetre
533 4137 599 4178 ndns
611 4138 641 4178 irs
652 4139 734 4181 vnum
744 4152 793 4180 asse
803 4153 862 4180 vous.
925 4140 1039 4194 guarum
1055 4119 1150 4174 aleam.
