3168 5140
435 511 925 580 rumunnense
1137 514 1207 604 247

207 638 349 708 Consilia
366 638 537 734 produnt:
559 642 724 728 nesciant,
742 654 872 735 quantae
894 643 940 709 rei

207 747 301 813 Fiant
316 745 463 814 ministri.
479 746 601 816 Nostra
618 761 655 816 tu
671 759 778 842 coeptu
796 743 918 816 occule.

208 873 280 920 san.
296 849 393 919 Haud
407 875 480 920 sum
494 852 678 923 monendus
694 879 701 920 :
720 855 781 922 ista
798 865 912 922 nostro
930 853 962 920 in
982 865 1114 947 pectore

208 955 301 1024 Fides
322 957 505 1050 timorque,
523 957 581 1027 sed
601 960 704 1053 magis
724 956 855 1028 claudet
875 957 965 1027 fides.
1120 989 1135 1004 ·
1171 983 1207 1022 sn

545 1149 828 1242 CHORUS.

389 1346 543 1414 Tannum
567 1347 657 1439 regia
675 1344 810 1431 nobilis,

386 1449 521 1542 Antiqui
542 1473 644 1544 genus
665 1451 793 1535 Inachi,

390 1556 540 1624 Fratrum
556 1559 743 1650 composuit
755 1557 867 1624 minas.

390 1659 473 1748 Quis
492 1685 552 1730 vos
571 1663 713 1756 exagitat
729 1661 837 1746 furor,

155 1839 206 1910 59;
223 1840 297 1894 Curt.
313 1841 368 1907 ul,
387 1842 530 1907 14;Tecit.
542 1844 611 1896 Anu.
628 1845 657 1906 1,
744 1842 808 1897 336.
826 1843 903 1912 Rapio
920 1842 1012 1896 nobilis.
1030 1843 1209 1914 Metouymice

159 1938 203 1986 rs,
219 1932 271 1973 etc.
703 1920 803 1975 dicitur
819 1924 885 1992 regia
902 1940 952 1992 pro
968 1921 1020 1973 illis
1036 1923 1123 1994 quiin
1138 1924 1208 1993 regia

195 1999 261 2053 332.
275 1997 383 2052 &milio
391 1999 506 2070 produnt.
518 1999 659 2054 Nolentem
702 2001 823 2056 hubitant
834 2018 840 2054 :
851 2000 888 2054 sic
897 1999 956 2054 niv.
969 2001 1071 2066 XXIV,
1085 2021 1118 2054 aa
1133 2003 1210 2070 :Qui-

155 2075 269 2148 prodere
281 2078 405 2144 consiliu,
415 2077 523 2134 consilia
531 2079 588 2151 ipse
596 2099 659 2151 pro·
702 2099 791 2152 crusque
802 2092 846 2134 eut
852 2082 1028 2151 propinquitate
1037 2093 1080 2133 aut
1090 2080 1209 2152 affinitate

155 2156 237 2222 dunt,
251 2169 347 2228 sponte
359 2175 386 2210 se
398 2159 568 2230 proferentia.
702 2170 747 2212 aut
755 2160 872 2232 aliquibus
884 2162 1019 2212 muueris
1032 2163 1122 2230 regiam
1132 2165 1209 2214 conti·

194 2235 261 2290 335.
284 2235 394 2290 Claudat.
415 2237 538 2290 obnubit
555 2238 660 2308 quomi-
701 2242 801 2308 piscem.

154 2333 204 2368 uus
213 2315 513 2386 pervulga-Fides.
522 2316 580 2369 Hoc
590 2330 661 2370 certe
743 2316 809 2389 337.
825 2317 907 2372 Genu
921 2317 1015 2370 lnacli·
1030 2317 1144 2372 huchue
1158 2318 1210 2371 fuit

154 2391 288 2447 adulentis
305 2408 360 2462 est,
379 2413 429 2450 nec
448 2395 481 2449 iis
499 2393 659 2468 respondet,
702 2394 1125 2467 primusArgivorumre13untle
1133 2417 1209 2466 genus

155 2473 314 2546 wilhere,
321 2487 347 2527 et
356 2473 479 2528 audacius
487 2474 575 2528 forsen
582 2494 661 2546 quem
703 2478 759 2546 ejus
771 2473 836 2529 dicti
847 2487 911 2528 suut
922 2477 968 2547 qui
979 2475 1153 2546 sequentibus
1166 2495 1211 2530 ste·

154 2554 388 2626 oommAueoper
399 2554 661 2619 eret,setellesoblo·
703 2555 769 2608 culis
793 2555 869 2626 Argis
894 2572 1049 2626 regnavere,
1072 2555 1135 2609 licet
1160 2556 1208 2610 alie

155 2631 202 2704 qui
215 2651 271 2685 non
282 2631 422 2687 dubitevit.
433 2631 513 2687 Unde
524 2634 662 2687 nonnullis
702 2634 784 2704 stirpe
799 2633 860 2688 orti.
872 2633 907 2686 Et
922 2635 1008 2688 solent
1027 2646 1093 2688 vett.
1107 2634 1207 2706 scripti.

155 2711 227 2764 venit
238 2711 352 2784 suspicio
364 2715 434 2766 timor
443 2731 493 2784 pro
495 2711 560 2782 fides
568 2713 662 2766 substi-
703 2712 795 2765 Inachi
811 2730 910 2765 nomen
927 2731 1065 2784 usurpare,
1084 2713 1107 2767 si
1121 2732 1209 2784 regem

155 2787 296 2843 tuendum.
304 2789 354 2844 Sed
361 2810 415 2844 nou
424 2792 485 2846 setis
492 2791 663 2846 attenderunt
704 2791 916 2862 antiquissimum
926 2804 953 2845 et
960 2791 1026 2845 nulli
1037 2787 1209 2863 posteriorem

155 2882 261 2940 poetam
273 2869 324 2924 sibi
337 2869 445 2924 minime
458 2883 592 2936 constare,
604 2882 662 2924 tunt
704 2888 852 2924 memorare
861 2870 952 2924 velint.
962 2870 1054 2924 Horat.
1064 2872 1107 2936 11,
1117 2869 1161 2924 od.
1176 2873 1191 2926 3
1202 2890 1209 2924 z

156 2947 246 3001 multis
260 2947 318 3001 eliis
333 2948 362 3001 in
376 2950 455 3014 locis,
467 2963 525 3003 tum
539 2949 567 3002 in
584 2949 660 3002 elliu·
708 2949 851 3012 minine,
864 2949 952 3021 prisco
968 2961 1045 3004 natus
1061 2950 1094 3003 ab
1111 2951 1210 3004 Inacho

155 3023 243 3098 gendo
256 3027 382 3082 luctem
395 3028 475 3099 hujus
489 3028 607 3086 satellitis
620 3029 661 3080 in·
705 3027 750 3082 Nil
765 3027 886 3090 interest,
900 3047 933 3081 an
949 3045 1065 3099 pauper,
1079 3041 1106 3082 et
1118 3029 1209 3083 infime

154 3105 233 3176 genio
241 3144 250 3172 ,
259 3125 338 3176 quem
346 3106 427 3160 modo
433 3107 592 3160 acerrimum
600 3125 661 3162 cen·
705 3109 745 3160 De
753 3121 832 3178 gente
840 3107 943 3170 subdio
953 3108 1070 3162 moreris.
1081 3133 1092 3154 ι
1106 3105 1147 3161 Iu.
1158 3111 1208 3161 111.

156 3203 256 3246 sorem,
270 3183 350 3238 modo
363 3187 462 3258 abjecte
476 3187 662 3258 obsequiosum
705 3184 750 3238 od.
769 3206 818 3256 19,
831 3205 857 3239 v.
875 3205 887 3239 1
903 3203 909 3238 :
926 3186 1077 3251 ·Quantum
1089 3184 1167 3241 distet
1177 3190 1210 3242 eb

155 3264 217 3318 lecit
224 3255 292 3333 (vid.
299 3285 357 3336 quse
366 3285 425 3338 sup.
433 3279 491 3319 not
503 3263 571 3318 adv.
586 3262 662 3330 245).
706 3266 805 3318 Inacho
820 3263 976 3319 Codrus...»

156 3344 294 3414 luter-pres
316 3345 404 3408 lesse,
430 3345 477 3415 qui
497 3345 610 3399 urserit
633 3345 660 3398 in
747 3343 812 3399 338.
833 3343 971 3415 Composuit
987 3347 1070 3398 minas.
1091 3345 1212 3417 intellige

156 3435 283 3476 contexto
296 3427 372 3494 magis
385 3424 480 3476 claudet
484 3423 557 3494 fides,
573 3425 663 3477 locum
705 3423 796 3476 sedavit
807 3426 898 3486 misas,
914 3427 982 3476 mnis
988 3421 1063 3491 finem
1073 3425 1142 3491 feeit,
1155 3444 1209 3478 non

156 3514 244 3555 tumen
260 3503 403 3556 vernaculo
417 3521 536 3557 sermone
550 3503 588 3558 sic
602 3501 663 3557 red·
706 3503 821 3568 condidit,
833 3514 864 3556 ut
871 3503 944 3556 Delr.
955 3503 1062 3574 placuit.
1069 3503 1142 3575 Virg.
1150 3507 1210 3558 AEu.

157 3578 197 3634 dit
213 3599 220 3634 :
235 3583 273 3634 La
279 3580 377 3651 fidelite'
391 3595 415 3634 et
429 3583 454 3634 lu
469 3595 559 3636 terreur
572 3595 665 3636 eurtum
707 3583 733 3647 1,
750 3580 802 3652 139
817 3600 824 3635 :
841 3579 909 3636 .sed
922 3595 1008 3636 motos
1021 3594 1126 3654 prestet
1137 3601 1210 3636 com·

156 3679 193 3712 me
204 3662 338 3728 semer-out
354 3663 379 3713 ta
397 3662 492 3716 bouclte⁸
511 3661 592 3728 Quod
609 3681 663 3716 nou
706 3679 806 3732 ponere
821 3660 927 3714 lluctus.
940 3687 951 3708 ι
967 3663 1064 3714 Lucan.
1080 3664 1115 3728 V,
1132 3681 1184 3732 7⁰¹
1204 3684 1209 3716 ι

158 3738 215 3792 lieri
231 3741 333 3810 potuit,
344 3741 395 3795 nisi
409 3741 470 3795 hinc
481 3754 584 3796 textum
594 3741 663 3795 Gro-
711 3740 905 3811 1...iessumque
916 3752 1045 3794 tumentes
1055 3742 1212 3812 Composuit

158 3819 245 3885 novii,
258 3818 321 3874 inde
335 3821 577 3892 interpretationem
590 3821 663 3892 galli·
707 3819 823 3890 pelagus,
829 3820 913 3876 ventis
922 3820 1091 3891 petientibus,
1100 3820 1208 3876 undas.-

158 3915 215 3952 cam
229 3917 310 3970 quam
323 3897 406 3970 Coepi
414 3900 487 3972 prius
501 3901 661 3971 vulgaverat,
708 3898 812 3951 Scilicet
823 3912 898 3970 putet
908 3899 1020 3966 chorus,
1033 3899 1116 3954 missis
1125 3901 1213 3955 Mene·

158 3978 368 4051 transcripserit,
383 3981 455 4032 nulla
471 3978 587 4034 adhibita
600 3998 664 4033 cura
707 3978 749 4030 leo
762 3991 788 4031 et
800 3979 995 4049 Agamemnone
1007 3980 1053 4050 qui
1069 3979 1210 4052 Thyestem

158 4069 186 4109 ut
203 4057 311 4112 alteram
330 4075 390 4116 cum
405 4060 489 4113 altero
507 4058 663 4118 concordem
708 4071 848 4124 revocent,
864 4059 954 4113 iratres
974 4059 1082 4130 gratiam
1101 4061 1169 4113 inter
1186 4080 1211 4111 se

157 4135 263 4194 iaceret.
708 4138 931 4194 reconciliaturus.

997 4227 1056 4308 16⁴
