3090 5142
379 600 484 695 lxxxij
632 601 873 676 marorum
900 603 956 668 ΕΤ
980 601 1162 670 catum

518 722 572 774 Aut
581 720 700 774 membra
713 720 795 776 celeri
806 721 935 774 differem
944 737 1026 773 canu
1037 717 1110 772 rota?

519 809 572 860 Ant
584 826 661 879 poeoa
669 808 757 882 Tityi,
766 807 813 880 qui
825 827 905 880 specu
913 820 989 863 vasto
1000 819 1095 879 patent

522 896 678 950 Visceribus
688 909 758 951 atras
769 898 851 970 pascit
859 896 963 953 effossis
972 915 1033 952 aves
1046 893 1058 947 l

379 1049 555 1136 Postquam
567 1049 659 1136 plura
667 1049 854 1129 conjectura
863 1047 985 1138 attigit,
992 1045 1118 1127 judices
1128 1043 1445 1109 obsecnt'tartareae

379 1153 484 1237 sedis,
501 1172 539 1218 ut
559 1153 699 1237 addant,
725 1157 751 1219 si
775 1153 855 1244 quid
870 1153 912 1222 ad
931 1175 1040 1243 poenas
1058 1151 1203 1241 possint,
1224 1147 1314 1238 quod
1332 1163 1446 1213 custos

378 1261 440 1326 tliri
465 1263 599 1327 carceris
622 1277 655 1328 et
675 1264 824 1328 Acheron
848 1263 1021 1345 horreant,
1047 1259 1088 1324 ad
1112 1259 1203 1340 cujus
1227 1273 1352 1322 metum
1375 1255 1446 1342 ipse

378 1389 512 1455 quoque
528 1383 654 1442 uernat.
672 1369 749 1432 Haec
764 1368 875 1436 omnia
891 1367 1018 1435 Tantali
1041 1365 1204 1429 rhetorico
1230 1365 1314 1426 fastu
1329 1358 1445 1449 putida

315 1521 319 1532 .
378 1473 459 1536 mihi
470 1471 633 1539 videntur.
649 1471 740 1556 Quid
753 1475 841 1544 enim
857 1490 922 1555 cst,
936 1495 997 1538 cur
1007 1471 1061 1536 ille
1074 1469 1136 1536 sibi
1153 1485 1321 1556 tantopere
1331 1467 1446 1531 irasca-

378 1577 456 1645 tur?
482 1578 515 1644 Si
541 1580 707 1667 praesentia
732 1563 834 1668 prenae
860 1578 1058 1668 impatientia
1085 1581 1274 1664 torquetur,
1302 1588 1445 1637 mortem

377 1699 494 1772 optet:
518 1683 576 1748 sed
600 1683 760 1749 dementis
781 1699 830 1758 est
852 1683 973 1764 majora
997 1680 1058 1746 sibi
1076 1678 1243 1770 imprecari
1259 1678 1362 1758 mala,
1381 1677 1446 1740 nisi

377 1789 454 1854 hinc
471 1787 622 1864 inciderit
637 1809 754 1878 magna
769 1805 804 1855 et
815 1789 896 1862 elata
914 1789 961 1853 ris
978 1785 1166 1879 poenitendi,
1179 1786 1268 1850 illinc
1280 1805 1397 1872 magna
1412 1799 1446 1846 ct

377 1893 458 1958 elata
475 1893 626 1982 parcendi
644 1893 775 1984 cupido.

309 2047 313 2056 ·
420 2001 596 2089 Postquam
610 1998 739 2066 dicendi
754 2001 853 2068 finem
862 2002 939 2066 fecit
949 2000 1120 2082 Tantalus,
1131 1998 1243 2087 incipit
1254 1996 1355 2075 furia,
1369 2017 1444 2082 quae

376 2106 476 2172 domo
506 2108 597 2172 Atrei
625 2107 816 2172 immineant
844 2107 981 2189 scelera,
1010 2106 1212 2171 teterrimum
1244 2104 1278 2167 in
1305 2099 1443 2164 modum

376 2212 494 2278 referre
507 2235 515 2278 :
530 2213 685 2303 imagines
697 2213 891 2302 imaginibus
907 2214 1108 2294 accumulat,
1124 2212 1327 2297 acrioresque
1336 2207 1443 2272 libens

374 2318 501 2381 colores
514 2316 681 2382 sententiis
696 2317 847 2383 affundit.
864 2319 1053 2406 Expavescit
1066 2315 1107 2381 ad
1123 2333 1220 2382 tantae
1232 2311 1444 2378 immanitatis

374 2423 515 2509 speciem
527 2423 696 2504 Tantalus,
713 2439 746 2487 et
759 2423 878 2488 inferos
893 2425 983 2488 ocius
995 2423 1065 2487 vult
1079 2437 1235 2512 repetere.
1248 2418 1312 2484 Sed
1325 2441 1344 2483 a
1357 2418 1444 2481 furia

375 2527 563 2594 inhibeturt

620 2695 688 2748 Ante
702 2696 831 2768 perturba
844 2695 954 2750 domum
969 2695 1096 2768 (inquit),

512 2783 639 2855 Inietque
649 2793 738 2836 tecum
749 2784 857 2855 prolia,
873 2797 901 2837 et
915 2783 979 2838 ferri
993 2783 1092 2837 malum

512 2870 625 2943 Regibus
639 2887 767 2926 amorem.

374 3019 496 3086 Renuit
505 3021 677 3106 Tantalus3
693 3021 767 3100 scd,
781 3037 918 3110 cogente
930 3021 1030 3106 furia,
1046 3020 1183 3085 domum
1198 3019 1324 3110 nepotis
1335 3018 1444 3108 ingre-

373 3126 476 3210 ditur,
496 3127 652 3216 imperata
680 3143 902 3193 exsecuturus.
927 3126 976 3191 Ita
999 3126 1132 3215 quidem
1158 3125 1323 3190 furoribus
1350 3125 1443 3188 Atrei

372 3235 462 3299 locus
478 3234 584 3318 datur,
600 3251 716 3324 atque,
733 3249 771 3300 ut
787 3232 1013 3299 animadvertit
1030 3233 1215 3323 Lessingius
1233 3231 1298 3320 (1),
1315 3255 1441 3320 praepa-

407 3469 446 3534 (r)
462 3467 586 3522 Biblioth.
597 3467 692 3522 thestr.
704 3469 747 3535 Il,
763 3486 819 3522 roo.
834 3467 921 3522 Habet
934 3466 1037 3540 aliquid
1049 3467 1177 3522 Hercules
1187 3467 1278 3522 furem
1291 3467 1351 3520 loco
1363 3465 1440 3519 haud

370 3556 490 3612 absimile
500 3575 580 3630 quem
593 3557 637 3612 hic
653 3557 880 3630 reprehendimus.
892 3557 925 3610 In
939 3555 1044 3630 prologi
1059 3558 1129 3620 line,
1150 3559 1219 3611 Juno
1234 3555 1359 3610 adversus
1372 3555 1441 3608 Her-

249 3629 252 3636 ¹
295 3681 296 3689 κ
368 3639 457 3698 clilem
466 3645 548 3700 furias
559 3645 683 3700 concitat.
692 3647 773 3699 Recte
784 3644 912 3698 hactenus
923 3655 950 3696 et
963 3656 1034 3716 apte.
1051 3645 1124 3712 Quid
1136 3659 1225 3699 autem
1235 3657 1291 3711 est,
1306 3663 1355 3698 cur
1365 3653 1441 3716 optet

368 3734 478 3805 reipsam
491 3751 508 3787 a
520 3733 597 3788 fariis
606 3731 729 3788 versari?

555 3890 588 3935 Ut
603 3889 677 3950 possit
691 3889 769 3935 animo
785 3895 868 3950 captus
879 3887 971 3934 Alcides
987 3888 1040 3948 agi,

555 3969 643 4030 Magno
659 3967 739 4014 irrora
754 3971 869 4030 percitus,
884 3967 952 4015 nobis
968 3967 1033 4031 prins

556 4049 720 4097 insaniendum
731 4060 774 4097 est.
784 4053 863 4104 Iuno,
875 4065 917 4096 cur
929 4048 1034 4095 nondum
1043 4047 1118 4093 furis?

551 4130 607 4184 Mc,
626 4145 677 4183 me,
695 4145 796 4184 sorores,
812 4140 891 4178 mente
908 4129 1022 4191 dejectam
1036 4143 1087 4175 mea

552 4211 648 4256 Versata
665 4207 771 4271 primam.
