3240 5138
417 548 697 617 nunccius
721 513 943 622 iuncus.
962 551 1069 620 ner.
1092 553 1145 618 11.
1269 545 1309 619 51

295 694 376 740 arc.
400 668 529 752 Ellare,
550 666 704 737 thalamis
719 670 810 764 quod
826 671 922 740 novis
940 669 1052 764 potius
1073 693 1186 764 parem

296 775 424 873 Regale
442 776 581 846 munus?
598 801 685 848 nno.
702 783 771 849 Aut
788 796 879 850 tuam
896 794 1057 866 mortem,
1075 794 1133 849 aut
1147 802 1266 848 meam.

299 913 378 959 nnc.
396 875 543 956 Moriere
559 887 705 957 demens.
722 913 809 962 nac.
828 889 973 985 Conjugi
992 914 1165 958 occurram
1182 913 1266 958 mco.

298 1023 376 1070 nnc.
400 999 582 1092 Sceptrone
601 1012 715 1066 nostro
736 1001 847 1092 potior
862 1013 912 1070 est
930 997 1073 1068 famulus
1091 998 1175 1067 tibi?
1279 1011 1317 1060 ⁴³⁰

298 1132 389 1179 unc.
412 1108 506 1195 Quot
527 1107 589 1174 iste
608 1105 752 1176 famulus
771 1109 909 1177 tradidit
929 1134 1023 1204 reges
1041 1104 1133 1177 neci!

305 1243 384 1289 nuc.
406 1219 476 1288 Cur
494 1241 574 1310 ergo
591 1217 662 1310 regi
683 1220 802 1304 servit,
819 1232 853 1287 et
869 1220 996 1312 patitur
1008 1217 1152 1312 jugum?

299 1355 390 1401 nnnc.
410 1329 555 1422 Imperia
572 1327 656 1397 dura
680 1326 781 1416 tolle,
804 1328 887 1422 quid
908 1329 1013 1398 virtus
1030 1327 1117 1397 erit?

303 1463 385 1510 nnc.
407 1439 520 1532 Objici
539 1437 616 1506 feris
636 1440 873 1533 monstrisque,
889 1440 1046 1508 virtutem
1067 1434 1189 1532 putasi‘

301 1574 393 1640 racc..
412 1549 556 1620 Virtutis
573 1564 621 1618 est
643 1547 800 1637 domare,
819 1575 893 1644 quae
911 1550 1024 1620 cuncti
1041 1562 1173 1643 pavent.
1278 1568 1317 1609 ua

301 1684 380 1731 nnc.
401 1657 560 1730 Tenebrae
575 1656 764 1754 loquentem
783 1684 904 1754 magna
919 1665 1085 1730 Tartareae
1103 1672 1272 1754 premunt.

300 1798 390 1845 nec.
411 1775 488 1844 Non
510 1772 617 1841 estad
643 1787 732 1842 astra
750 1772 894 1844 mollise
917 1776 1013 1843 terris
1034 1775 1098 1842 via.

288 1896 520 1967 427.Effare,etc.
533 1893 765 1966 ‹llicmihiquod
807 1895 926 1950 audacie
943 1913 1024 1968 quam
1044 1913 1113 1948 verre
1132 1893 1237 1947 virtutis
1255 1912 1318 1967 pro-

249 1994 317 2030 nam
328 1975 414 2046 regale
427 1992 526 2026 munuc
535 1973 632 2026 osierre
643 1974 692 2027 tibi
706 1991 764 2045 pon·
807 1976 896 2047 prium
907 1974 995 2030 scribit
1004 1994 1012 2040 ς
1022 1991 1084 2026 nam
1095 1973 1184 2046 Lycus
1196 1993 1230 2027 ue
1239 1985 1318 2026 teme·

248 2055 321 2120 eim,
338 2052 409 2125 quod
423 2051 471 2104 tibi
487 2053 574 2123 potius
588 2053 765 2124 prestantius·
807 2055 909 2108 ritatem
922 2053 1042 2127 quidem,
1053 2072 1112 2132 quie
1124 2071 1192 2107 crece
1205 2053 1317 2106 effrena·

248 2132 529 2206 quevideatur,quam
540 2149 615 2183 nove
623 2131 764 2204 nuptitein
807 2147 886 2206 tuque
906 2147 932 2188 et
954 2134 1105 2186 inconsulta
1123 2130 1251 2186 fortitudo
1264 2143 1318 2195 eat,

248 2210 764 2282 Poenisquoqueaicinterpretari:aDic
807 2215 918 2268 Herculi
926 2213 1145 2268 conceesiaeevult
1153 2211 1245 2266 videri.
1253 2213 1319 2266 Cou-

249 2291 336 2353 mihi,
346 2289 479 2362 quoduam
490 2307 586 2342 munna
596 2288 623 2341 in
635 2287 677 2343 bin
688 2289 764 2343 novin
807 2305 849 2346 tra
862 2293 953 2346 assent
964 2311 1018 2345 uon
1029 2311 1085 2345 etse
1098 2290 1192 2362 digna,
1206 2310 1265 2362 que
1279 2292 1318 2344 ri-

249 2371 433 2442 nuptiie.quar
443 2368 575 2421 celebrare
583 2385 694 2439 apparo,
705 2366 765 2421 dari
806 2391 867 2426 rum
878 2373 1026 2425 animorum
1040 2383 1190 2437 exerceant,
1204 2375 1316 2424 ferarum

249 2450 300 2502 tibi
312 2448 417 2521 cupias,
425 2446 488 2500 fidei
497 2447 633 2501 vinculum
642 2446 672 2498 i»
683 2447 765 2518 Spon·
808 2451 940 2524 pericula3
951 2451 1041 2521 itaque
1047 2451 1155 2520 Megara
1164 2451 1261 2501 virtutis
1268 2469 1320 2501 esse

249 2548 296 2582 eun
306 2529 375 2582 enim
388 2524 764 2596 nolebatuxorialiquiddono
809 2534 910 2584 domare
921 2549 976 2597 quoe
984 2534 1067 2582 cuncti
1071 2543 1173 2598 pavent,
1184 2541 1210 2582 et
1219 2530 1318 2600 Amph.
1361 2565 1362 2568 =

249 2608 331 2674 (lare,
343 2606 417 2680 quod
432 2627 520 2658 munus
533 2605 644 2673 nuptiale
652 2606 765 2658 vocuba·
807 2628 834 2663 v.
849 2609 917 2677 455,
931 2613 1037 2678 primum
1054 2612 1159 2677 sagittas
1179 2611 1265 2660 Phoebr'
1276 2613 1320 2660 im.

250 2700 307 2740 tur.
317 2686 387 2740 Vide
397 2687 453 2741 Cic.
464 2703 516 2758 pro
526 2685 629 2740 Clueut.
641 2701 666 2753 9.
807 2691 885 2739 baisse
892 2691 1037 2752 draconem,
1049 2697 1189 2759 reponunt.
1201 2689 1231 2740 lu
1242 2687 1319 2740 Euri·

286 2767 348 2832 43³.
369 2767 474 2832 Imperia
490 2768 555 2815 dara
571 2767 637 2815 tolle.
658 2761 764 2814 Dictum
807 2765 887 2840 pide,
908 2787 939 2822 ex
956 2785 1010 2839 quo
1029 2786 1107 2820 scena
1120 2765 1176 2820 brac
1195 2766 1249 2820 lere
1263 2779 1318 2820 tota

248 2845 425 2918 gamaliten
444 2844 465 2896 ri
481 2844 608 2896 tollantur
619 2842 725 2914 tyranni
739 2853 765 2893 et
807 2859 912 2918 numpta
934 2857 986 2910 eet,
1007 2841 1095 2919 L'ycus
1116 2847 1249 2916 Megaram
1269 2864 1318 2918 per

251 2925 320 2978 dm
330 2941 422 2976 eorum
432 2922 555 2994 imperia,
569 2939 648 2994 qum
658 2919 765 2973 habebit
806 2925 918 2978 ironiam
934 2926 1089 2997 interrogat.
1102 2935 1240 2995 gentumne
1250 2942 1317 2996 prn-

250 3002 338 3055 virtus
359 3001 481 3054 eluceudi
501 2997 656 3053 materiam?
673 3000 764 3053 Senec·
807 3003 1044 3077 clareputet,quod
1056 3003 1316 3074 maritunpaluetrem

250 3080 285 3134 de
294 3081 372 3134 Pron.
385 3086 420 3143 4:
437 3083 571 3132 Catamitus
585 3081 683 3132 virtutis
694 3098 766 3130 acea·
806 3081 920 3156 hydram
930 3083 1103 3145 interfecerit,
1112 3092 1157 3133 aut
1165 3081 1317 3133 Neruereum

250 3163 287 3210 11'0
300 3173 341 3210 ⁶¹2
353 3161 437 3212 D0⁰el
449 3157 563 3230 Ερὶῦῐθῑ·
578 3159 605 3209 ln
620 3156 722 3209 Arriam
737 3159 763 3218 ἶ.
806 3161 910 3215 leonem
927 3163 1026 3215 retibus
1043 3172 1150 3230 captum
1167 3159 1316 3230 anangulu-

251 3241 286 3302 6,
310 3237 475 3292 immflflllflle
498 3237 653 3309 imperantis
672 3235 765 3288 datum
808 3242 880 3295 tione
889 3239 1126 3295 exstinxeritivid.
1135 3238 1204 3292 infra
1215 3250 1271 3291 not.
1282 3237 1315 3292 ad

249 3318 361 3371 Herculi
374 3316 526 3372 exercendae
536 3316 640 3372 virtutis
648 3317 747 3370 locum.
807 3339 873 3374 rere.
884 3319 946 3384 454.

289 3400 351 3463 434.
375 3401 453 3466 objici
464 3400 540 3467 feris.
560 3395 659 3468 Incipit
677 3395 765 3468 Lycur
844 3399 903 3464 436.
920 3405 1062 3465 toquentem
1074 3415 1175 3464 mgna.
1188 3393 1220 3446 ld
1232 3397 1317 3449 entie-

250 3477 320 3530 l'acta
334 3475 455 3530 Herculia
467 3477 577 3530 elevare.
591 3475 690 3528 Confer
703 3493 765 3527 cum
807 3497 910 3541 rocem,
926 3476 1044 3549 superbia
1058 3475 1166 3528 elatum.
1185 3474 1227 3529 Sic
1243 3477 1315 3548 apud

250 3555 375 3626 Euripid.
387 3555 465 3609 llere,
474 3555 527 3608 fur.
543 3553 592 3607 158
605 3563 631 3606 et
641 3571 708 3625 sqq„
719 3553 767 3606 ubi
808 3557 887 3612 Ovid.
897 3557 1004 3611 Metam.
1015 3555 1102 3618 XIII,
1114 3573 1162 3606 aaa
1173 3590 1181 3617 ,
1192 3553 1315 3628 Ulynaen,

251 3633 438 3707 Amphitryoni
452 3633 636 3706 perinjurium
654 3635 766 3700 objectat
808 3637 895 3708 Aiacis
915 3633 1139 3705 vaniloquentiam
1161 3633 1318 3706 increpans,

250 3715 339 3786 Lycur
355 3713 495 3766 Herculem
514 3725 605 3765 contra
623 3712 692 3764 ferar
707 3723 766 3763 tan·
807 3716 889 3769 «Non
912 3727 967 3768 em
985 3713 1036 3767 hoc
1050 3713 1162 3766 nimium
1181 3731 1317 3785 nunquam

250 3804 309 3844 tum
320 3793 416 3845 {tinem
432 3792 526 3854 hrum,
538 3792 638 3843 ceteris
650 3791 677 3842 ln
687 3790 766 3841 rebus
807 3795 857 3848 nisi
870 3813 964 3867 magna
978 3792 1097 3866 loquenti
1108 3819 1128 3846 a.

250 3871 375 3924 timidum
390 3885 416 3925 et
429 3870 577 3932 imbellem
593 3870 644 3922 hoc
658 3873 765 3941 quoque
846 3875 904 3945 437.
918 3877 962 3925 Ad
970 3889 1047 3924 astra.
1061 3871 1148 3942 Vulgo
1162 3871 1197 3922 ire
1205 3873 1241 3922 ad
1249 3887 1318 3923 astra

249 3964 356 4023 partem
369 3969 426 4003 ease
439 3949 568 4022 ignavie,
580 3947 654 4020 qnod
664 3947 765 4000 eminae
808 3965 857 4018 pro
879 3949 975 3996 duanam
989 3946 1107 4012 porentia
1119 3942 1280 4010 ecfiltcitau's
1292 3945 1318 3994 t'n

249 4041 352 4100 pugnet
362 4042 387 4082 et
397 4048 461 4082 arcu
471 4041 607 4084 matun-
617 4027 694 4080 Falto
704 4026 764 4079 Fer·
806 4040 898 4094 partem
916 4027 1000 4075 venire
1013 4021 1156 4094 accipitur:
1172 4019 1316 4074 notandum
1360 4024 1362 4030 ’

250 4109 320 4173 nala,
332 4120 363 4161 ut
375 4109 442 4181 Lyci
459 4108 615 4164 sententiam
628 4107 764 4180 explanet,
809 4117 895 4157 tamen
903 4103 973 4156 hauc
981 4103 1141 4156 locutionem
1149 4099 1176 4150 irt
1184 4099 1317 4171 pler-inque

251 4189 321 4241 ferae
340 4186 449 4259 aggredi
465 4187 551 4260 potine
570 4186 721 4241 temeritatis
739 4199 764 4239 et
808 4185 873 4237 locis
881 4183 986 4256 proprie
997 4194 1023 4235 et
1033 4181 1088 4235 eine
1095 4179 1264 4278 translatione
1275 4180 1318 4232 di·
