3210 5140
386 518 456 601 144
668 515 707 581 L.
736 513 912 583 sunni
940 514 1159 587 sunnon

430 649 638 740 Rumpemus
657 669 773 731 arcus,
792 669 830 715 ac
848 647 911 715 tuis
930 649 1030 742 stipes
1045 651 1155 743 gravis

431 751 569 822 Ardebit
588 752 731 839 umbris;
748 753 818 847 ipsa
838 755 983 823 Lernaeis
1001 753 1155 850 frequens

432 861 592 928 Pharetru
611 857 685 928 telis
706 860 740 926 in
759 874 835 929 tuos
858 860 918 929 ibit
939 884 1048 955 rogos.

431 969 523 1036 Dent
536 989 629 1035 arma
647 988 782 1060 poenas:
800 989 859 1034 vos
877 991 1010 1062 quoque
1028 966 1187 1040 infaustas
1203 969 1284 1038 meis
1393 1001 1448 1039 „is

434 1071 600 1142 Cremabo
619 1070 712 1160 telis,
728 1097 749 1140 o
764 1070 955 1142 novercales
971 1097 1099 1142 manus.

436 1202 534 1248 rues·
551 1177 636 1267 Quis
650 1202 773 1247 nomen
788 1201 934 1272 unquam
953 1177 1084 1250 sceleris
1101 1182 1206 1249 errori
1222 1180 1368 1250 addidit?

435 1307 536 1356 nunc.
552 1286 646 1379 Saepe
661 1308 755 1353 error
768 1285 884 1380 ingens
900 1284 1031 1356 sceleris
1049 1286 1192 1360 obtinuit
1207 1284 1327 1356 locum.

433 1413 531 1461 rues.
543 1391 644 1460 Nunc
655 1389 799 1460 Hercule
813 1416 898 1486 opus
914 1405 981 1461 est:
993 1391 1104 1486 perfer
1118 1393 1206 1461 hane
1221 1391 1340 1463 molem
1356 1393 1446 1463 mali.

434 1521 536 1568 nene.
552 1499 629 1566 Non
644 1497 691 1567 sic
706 1497 818 1566 furore
832 1499 929 1567 cessit
942 1501 1121 1568 exstinctus
1135 1497 1258 1594 pudor,
1395 1530 1447 1572 ns..

433 1601 578 1700 Populos
594 1617 632 1672 ut
650 1628 765 1672 omnes
780 1605 883 1698 impio
899 1619 1035 1698 aspectu
1054 1605 1176 1700 fugem.

434 1713 550 1797 Arma,
564 1733 673 1796 arma,
688 1709 836 1796 Tlreseu,
853 1709 967 1804 flagito
984 1735 1126 1806 propere
1145 1711 1224 1780 mibi
1260 1801 1266 1812 Ι

383 1961 457 2013 tum,
471 1945 532 1998 Tuo
548 1963 613 2016 rogo
629 1941 733 1998 srdebit
750 1945 892 2017 pheretrs;
936 1943 1060 1999 credetur
1077 1947 1155 1998 :Vos
1176 1963 1283 2017 quoque
1305 1947 1447 2010 cremabo,

382 2041 461 2098 etque
478 2025 514 2079 ita
529 2037 643 2096 quatuor
662 2023 804 2078 Herculem
822 2025 894 2077 filios
937 2026 1026 2096 impin
1038 2044 1146 2090 menos,
1157 2025 1285 2079 infaustas
1298 2027 1362 2078 meis
1374 2026 1447 2088 telis,

382 2105 518 2179 (quorum
533 2105 641 2158 nomine
653 2104 781 2167 Onitem,
797 2105 894 2157 Tberi-
937 2105 956 2157 i.
969 2124 993 2159 e.
1009 2122 1070 2176 quc
1083 2105 1134 2158 tela
1147 2123 1221 2170 mes,
1232 2105 1370 2178 bucusque
1382 2124 1449 2176 pre·

383 2187 523 2250 maehum,
538 2185 740 2249 Democoonts,
756 2185 894 2237 Creontis·
936 2185 1006 2238 clara
1017 2202 1067 2238 nec
1077 2185 1129 2238 nisi
1144 2183 1226 2255 digno
1240 2205 1336 2239 cruore
1348 2187 1447 2248 tinere,

384 2255 561 2326 detulerunt)
573 2263 734 2318 interfecisse
746 2263 817 2327 vult,
827 2282 895 2334 quos
937 2277 990 2317 tem
1002 2263 1073 2316 foedo
1082 2263 1225 2335 perricidio
1233 2262 1446 2324 dedecoreristis.

384 2346 430 2401 alii
442 2343 527 2409 duos,
537 2343 581 2396 elii
590 2356 651 2396 octo
661 2337 789 2396 sts'tuunt.
802 2371 812 2390 .
831 2343 895 2397 llssc
980 2343 1064 2398 1136.
1073 2344 1217 2398 Novercales
1227 2363 1319 2399 manus.
1331 2347 1397 2410 Qus
1408 2357 1447 2397 ts·

385 2425 530 2479 Fsrnebius
545 2441 553 2477 z
569 2435 596 2476 st
608 2423 775 2476 menifestum
790 2435 830 2476 est
841 2435 894 2476 tres
937 2424 975 2478 les
992 2441 1053 2494 erge
1064 2423 1163 2478 liberos
1178 2443 1252 2478 meos
1267 2425 1368 2490 fuistis,
1385 2443 1448 2497 qus·

386 2518 491 2561 tantum
506 2503 614 2556 Herculi
634 2503 744 2556 attribui
762 2503 845 2568 filios,
864 2516 895 2556 ut
938 2504 975 2558 les
986 2504 1176 2557 suntJunonis
1190 2505 1218 2556 in
1233 2522 1285 2558 me.

384 2589 438 2658 jem
451 2603 511 2656 sup.
520 2601 573 2636 sss.
585 2589 658 2652 994,
673 2599 760 2648 soor,
773 2594 801 2635 et
814 2586 894 2638 1008.
982 2583 1067 2653 ¹²37·
1081 2585 1203 2638 Nomen...
1214 2585 1308 2636 sceleris
1319 2587 1395 2636 errori
1406 2584 1449 2636 ed·

387 2667 448 2718 Non
463 2665 490 2718 in
507 2675 633 2734 quatuor,
646 2660 732 2715 sedin
744 2674 797 2715 tres
808 2675 896 2732 partes
939 2649 1011 2716 duit.
1034 2655 1170 2730 Lucrinus,
1184 2664 1255 2728 VII,
1279 2665 1314 2718 58
1334 2681 1341 2717 :
1365 2691 1376 2710 ι
1390 2664 1448 2717 Hoc

387 2763 457 2799 erma
472 2743 545 2816 qussi
558 2740 734 2794 dividuntur:
750 2743 811 2795 Tibi
827 2743 895 2808 tels3
937 2744 1036 2814 placet,
1050 2760 1067 2794 o
1079 2743 1186 2814 superi,
1200 2763 1284 2815 quum
1299 2745 1376 2797 vobis
1389 2761 1448 2796 ver-

388 2825 437 2879 tibi
455 2841 530 2878 erens
543 2833 569 2874 et
582 2821 717 2894 stipitem
734 2821 782 2874 tibi
800 2822 896 2892 phere·
938 2835 995 2876 tere
1021 2835 1120 2878 cuncta
1146 2823 1332 2894 Propositum,
1353 2823 1449 2877 nostris

388 2919 455 2958 mem
468 2903 632 2955 comburam.
939 2902 1075 2956 erroribus
1090 2901 1188 2956 eddere
1201 2905 1312 2958 crimen.
1330 2929 1341 2950 ι

429 2981 515 3038 1233.
533 2983 648 3034 Lernoeis.
665 2979 798 3034 Videntur
814 2999 896 3054 supra
984 2982 1068 3037 1238.
1091 2981 1161 3053 Soepe
1183 3003 1268 3046 error,
1291 2995 1342 3036 etc.
1362 2982 1449 3037 Testis

386 3063 578 3130 versus1195.
940 3061 1072 3134 OEdipus.

429 3141 514 3196 ¹235.
529 3141 581 3193 Vos
592 3159 683 3212 quoque
697 3142 832 3207 infaustus,
845 3153 896 3195 etc.
984 3141 1065 3210 1239.
1092 3143 1165 3194 Nune
1189 3143 1295 3194 Hercule
1317 3161 1377 3212 opus
1405 3155 1447 3194 est.

387 3225 427 3276 De
440 3221 600 3294 conjecturis
610 3220 638 3272 in
650 3219 832 3274 Animsdvers.
846 3240 896 3274 no·
941 3221 1019 3275 Nunc
1035 3221 1069 3274 nd
1084 3220 1222 3275 ferendam
1237 3222 1308 3276 benc
1318 3221 1448 3274 calamitu-

386 3303 448 3359 stris
464 3300 669 3374 disputabimus.
686 3301 783 3354 Censet
798 3301 898 3353 intelli·
940 3313 998 3355 tum
1023 3301 1141 3366 molem,
1164 3320 1232 3374 opus
1255 3314 1295 3354 est
1317 3301 1449 3354 Herculeo

386 3380 501 3456 gendum
516 3378 705 3444 Schroederus,
719 3380 816 3433 minari
829 3379 897 3432 Her·
939 3381 1023 3434 enimi
1036 3382 1141 3435 robore.
1157 3380 1282 3452 Euripid.
1297 3380 1377 3434 Here.
1397 3380 1448 3432 fur.

385 3464 472 3517 cnlem
496 3461 557 3532 igne
582 3461 714 3525 telorum,
737 3477 796 3531 quse
815 3457 897 3512 modo
944 3467 1017 3524 1414
1031 3478 1038 3513 :
1052 3487 1064 3507 ι
1078 3451 1147 3531 lysi
1158 3469 1183 3530 γ’
1193 3463 1205 3514 ὁ
1216 3461 1306 3536 ῥικνὸς
1319 3451 1448 3530 Ἡρακλῆς,

387 3543 446 3598 dori
467 3541 517 3593 sibi
541 3540 568 3592 in
589 3557 684 3611 rogum
703 3539 894 3611 postulaverat,
940 3546 986 3593 ποῦ
998 3542 1073 3601 seiros
1086 3541 1131 3604 du
1146 3565 1157 3587 ι

387 3643 414 3676 se
430 3619 599 3694 perditurum
620 3637 699 3672 saevss
719 3619 798 3685 istss,
818 3631 897 3689 etque
984 3621 1286 3687 usfoNonsiesumre,
1302 3633 1352 3674 cte.
1365 3645 1375 3667 ι
1390 3621 1450 3673 Non

387 3707 415 3756 in
431 3719 504 3756 susm
518 3717 681 3770 suorumque
692 3699 837 3770 perniciem
846 3698 898 3752 sibi
941 3699 977 3751 ita
990 3697 1121 3770 pudorem
1137 3699 1212 3752 furor
1226 3699 1344 3765 ademit,
1362 3713 1393 3752 ut
1407 3719 1450 3753 ve·

387 3781 460 3836 dates
476 3797 579 3832 munus.
593 3779 672 3840 Putet
686 3777 820 3832 Bedenius
834 3779 897 3830 sub·
939 3778 987 3831 lim
995 3779 1108 3850 populos
1119 3797 1212 3832 omnes
1223 3792 1332 3852 aspectu
1343 3799 1403 3832 meo
1410 3780 1451 3832 fu·

386 3861 474 3916 sudiri
492 3859 706 3930 prepositionem
727 3879 794 3917 cum,
815 3859 897 3911 nibil·
940 3876 1010 3929 κατε.
1025 3884 1037 3905 ι
1058 3859 1169 3911 Veteres
1191 3861 1263 3912 enim
1283 3860 1450 3912 scelestorum

386 3961 440 4014 que
461 3939 511 3992 bec
530 3938 615 4008 ellipsi
637 3939 804 4010 frequentius
823 3937 897 3990 affir-
941 3949 1093 3992 contectum
1113 3953 1339 4010 conspectumque
1353 3939 1452 3993 ceteris

386 4034 452 4075 sust.
474 4018 529 4070 Nos
550 4035 614 4070 vero
635 4018 770 4088 ingenium
792 4018 897 4071 Seneca
941 4035 1047 4088 gravem
1076 4031 1102 4071 et
1134 4019 1279 4072 iufaustum
1312 4019 1450 4089 putebant.

386 4101 474 4155 multo
484 4096 578 4150 melius
586 4098 719 4151 observari
727 4097 897 4162 arbitremur,
942 4097 1042 4151 Cobfer
1056 4097 1195 4170 Euripidis
1208 4098 1350 4152 Herculem
1361 4101 1451 4154 furen-

385 4183 407 4234 si
430 4182 548 4246 infaustas
569 4189 687 4247 spectsre
709 4177 742 4230 sd
765 4181 822 4229 meis
846 4178 898 4228 telis
943 4189 1011 4242 tem,
1025 4195 1107 4230 verse.
1125 4180 1216 4238 1155,
1237 4197 1311 4246 ¹¹99
1324 4191 1351 4232 et
1367 4179 1449 4232 1233.
