3090 5142
449 595 752 670 DtssEttTArto.
1021 595 1126 688 lxxvij

100 719 132 782 Si
144 716 181 780 in
195 715 322 780 lentina
331 715 378 780 ita
391 715 549 786 efferatur
557 717 697 804 impetus
708 719 825 800 animi,
838 741 905 806 quo
915 718 1132 795 declamatorii

63 823 179 888 luroris
201 819 437 912 progredietur
455 823 555 890 virilis
578 820 696 890 ardor?
711 823 822 911 ‚qtralis
842 824 903 888 erit
923 824 1025 888 rabies
1050 823 1133 888 ller-

65 930 160 1012 culis,
176 929 223 992 ita
238 928 423 1008 bacchante
438 927 609 1010 Deianira?
750 1002 756 1012 ¹

107 1034 190 1100 ldihi
205 1049 355 1116 constat,
373 1055 483 1122 neque
496 1035 587 1098 aliter
599 1033 835 1103 existimaturos
851 1036 969 1124 opinor
981 1036 1133 1123 quicum,

66 1164 129 1230 quc
153 1139 377 1228 Sophocleum
400 1161 484 1228 opus
509 1139 667 1229 legerint,
693 1159 712 1206 a
734 1163 838 1230 greco
860 1157 957 1229 poeta
977 1140 1135 1222 Ddanhae

67 1246 213 1310 dolorem
242 1243 285 1308 ita
308 1244 409 1309 fuisse
433 1261 666 1333 temperatum,
688 1267 731 1309 ne
748 1245 896 1326 Herculis
919 1269 1077 1312 erumnas
1098 1248 1133 1310 in

69 1353 170 1434 majus
186 1373 308 1440 augere
326 1367 507 1441 cogeretur,
521 1367 578 1416 aut
593 1352 736 1416 colorem
752 1369 989 1442 corrumperet,
1006 1354 1081 1442 qui,
1096 1372 1134 1420 ut

70 1458 211 1548 pulchre
237 1455 383 1540 tabellae,
408 1458 454 1522 sic
476 1457 615 1547 pulchro
643 1458 785 1546 poemati
809 1457 988 1524 modestius
1009 1459 1135 1526 effundi

70 1564 175 1630 debet.
185 1565 291 1628 Tanta
307 1564 509 1644 humanitas,
525 1564 560 1627 in
573 1563 770 1646 Trachiniis,
789 1580 910 1654 quanta
927 1565 1135 1655 magnitudo,

71 1669 200 1734 Herculi
214 1668 417 1734 attribuitur.
434 1666 563 1733 Dolotis
577 1669 629 1732 sui
642 1690 739 1732 sensu
758 1689 824 1732 non
843 1685 948 1753 caret,
964 1692 1024 1734 nec
1036 1671 1137 1736 thati-

71 1791 125 1838 net
141 1773 316 1862 questibus
331 1796 340 1837 ε
358 1772 417 1837 ubi
433 1795 509 1838 vero
526 1794 560 1836 se
575 1773 679 1862 premi
696 1774 828 1851 oraculo
842 1773 958 1840 caelesti
973 1775 1137 1864 intelligit,

72 1881 280 1970 semetipsum
315 1877 518 1960 adhortatur,
549 1895 581 1952 et
612 1879 804 1943 tolerantius
830 1881 990 1944 cnrciatus
1018 1882 1141 1968 patitur

73 2009 155 2050 snos.
172 1984 273 2074 Apud
296 1985 470 2065 Senecam,
489 1983 569 2048 furit
590 1999 675 2048 etse
698 1982 793 2048 effert
815 1983 997 2072 superbius.
1018 1987 1088 2052 Illic
1104 1988 1139 2050 in

74 2091 174 2154 verbis
192 2091 264 2170 ejus
281 2089 475 2171 sublimitas,
492 2104 525 2152 et
539 2087 729 2153 inaffectatae
747 2088 939 2176 eloquentie
956 2087 1073 2156 robur:
1085 2091 1139 2155 hic

75 2195 192 2260 eiiusns
206 2211 300 2260 extra
313 2191 450 2258 modum
462 2209 582 2273 tumor,
593 2207 627 2258 et
637 2191 783 2280 quedam
798 2193 965 2260 rhetorico
981 2194 1139 2264 declama·

78 2302 168 2366 tionis
184 2301 448 2390 intemperantia.

116 2405 257 2472 Abunde
272 2405 415 2495 probant
428 2427 501 2493 quae
511 2406 678 2479 attulimus
688 2406 832 2494 exempla
844 2407 938 2495 longe
953 2409 1140 2476 inferiorem

79 2513 108 2574 in
127 2510 350 2600 exprimendis
370 2509 539 2577 affectibus
560 2510 740 2579 substitisse
758 2510 894 2575 latinum
913 2511 1139 2602 tragoediarum

79 2618 284 2708 scriptorem,
310 2638 417 2704 neque
439 2615 490 2680 vel
512 2613 665 2683 amulum
688 2615 875 2680 Graecorum
896 2617 1007 2687 haberi
1027 2639 1139 2708 posse,

80 2723 129 2809 qui
144 2723 235 2788 aliud
252 2723 391 2787 omnino
407 2737 505 2810 atque
520 2722 565 2786 illi
582 2737 745 2809 sequatur.
764 2721 933 2788 Studuisse
947 2725 1034 2788 enim
1049 2725 1140 2790 vidc-

82 2845 138 2911 tur,
156 2846 195 2894 ut
211 2851 370 2918 personne
386 2850 460 2893 suas
478 2828 605 2894 enormi
621 2827 812 2918 proceritate
831 2829 1006 2912 attolleret,
1025 2848 1056 2896 et
1073 2834 1141 2896 veri

81 2933 172 3018 lines,
196 2935 285 3000 intra
310 2956 394 3023 quos
419 2949 487 2998 tam
512 2931 596 2998 felici
622 2953 699 2998 eura
725 2932 768 2996 illi
796 2955 866 2998 sese
892 2935 1139 3016 continuerant,

82 3041 227 3105 connrlto
251 3037 492 3126 excederet(1).
515 3037 621 3102 Pauca
648 3052 796 3120 tantum,
822 3054 854 3102 et
877 3038 989 3104 eadem
1015 3041 1140 3130 singula

113 3315 150 3383 (r)
168 3315 256 3367 Nemo
278 3314 321 3367 vir
338 3312 432 3385 majori
451 3312 574 3374 andacia,
590 3313 727 3366 ferocitate
740 3325 767 3365 et
781 3312 902 3383 superbia
919 3313 1049 3375 evultat,
1061 3332 1142 3385 quam

83 3403 182 3476 llegan
195 3403 225 3455 in
242 3401 358 3455 Hercule
374 3401 481 3454 furenti
495 3401 596 3473 Lycum
610 3400 714 3472 nuptias
731 3399 888 3456 offerentem
907 3415 961 3452 nou
980 3399 1061 3454 modo
1074 3401 1146 3456 dedi-

84 3501 187 3560 ‘aaran
201 3490 249 3543 sed
261 3489 357 3543 acerba
368 3485 523 3560 tnmaddit
535 3486 672 3552 convicit,
683 3486 804 3558 quamvis
816 3477 897 3539 multa
907 3484 1005 3541 haheat
1017 3501 1043 3541 et
1057 3489 1105 3542 tibi
1120 3505 1145 3544 et

83 3579 166 3633 liberis
178 3576 336 3632 menende.
350 3577 395 3643 (V.
405 3577 540 3650 38o397.)
550 3577 614 3630 Vim
627 3575 701 3647 Lyco
713 3573 846 3626 minitanti
856 3574 1013 3646 respondet:
1030 3579 1091 3647 cogi
1101 3583 1147 3646 μέ

81 3681 168 3734 potest,
188 3669 269 3718 resch
284 3669 356 3718 mori.
375 3665 406 3717 ln
425 3663 590 3727 Troadibus,
610 3681 665 3716 non
686 3679 761 3716 secus
783 3662 897 3721 moritur
910 3662 1044 3736 Polyxena
1062 3675 1144 3738 etqua

82 3753 218 3823 gladiator,
230 3753 279 3826 qui
293 3750 456 3806 advmnrios
469 3752 547 3807 timul
560 3762 586 3804 et
598 3761 708 3804 mortem
722 3749 869 3802 contemnit
880 3754 915 3814 (v.
927 3753 1019 3818 nso:

263 3927 350 3976 Audax
361 3931 438 3989 vuago
448 3943 495 3974 uon
505 3925 559 3973 tulit
565 3935 627 3972 retro
636 3925 745 3986 graduum

267 4007 387 4052 Gentem
397 4006 426 4051 td
438 4005 509 4052 ictum
522 4011 566 4050 stat
579 4003 639 4050 traci
653 4005 719 4050 vultu
732 4003 805 4049 ferox,

266 4089 326 4133 Tam
338 4086 404 4134 sortis
416 4087 506 4134 ammus
518 4087 620 4130 omnium
631 4094 718 4130 mentes
731 4082 791 4130 ierit.

271 4169 410 4226 Notumque
420 4175 548 4211 monstrum
558 4173 605 4218 cst,
623 4165 725 4224 Pyrrhus
736 4163 767 4209 etl
777 4162 863 4209 cedem
874 4164 945 4225 piger,

270 4245 306 4292 L't
322 4243 401 4292 dextra
415 4245 503 4294 serrum
517 4243 609 4307 penitus
625 4254 704 4292 oracta
720 4243 824 4296 abdidit,

990 4318 1026 4388 &Ti
