3070 5158
358 507 431 592 444
696 510 752 588 ΙΝ
780 511 1082 590 PHOENISSAS

404 646 447 704 do.
468 639 629 710 Sanguineum
649 657 743 711 gerens.
760 642 803 696 Sic
824 645 927 699 Fabric.
951 645 1063 716 Rapbel.
1086 643 1219 698 Commel.
1245 646 1322 698 Delr.
1345 646 1420 701 Grat.

360 726 451 784 Heius.
461 720 545 774 Scriv.
557 721 578 779 F
579 739 636 773 arn.
647 722 729 793 Thyn.
742 735 768 776 et
780 725 940 778 recentiores
952 724 1027 778 MSS.
1040 736 1067 776 et
1077 737 1140 777 rett.
1154 722 1218 778 edd.
1233 725 1255 778 F
1256 743 1315 777 ern·
1327 727 1420 780 lsoanl

361 807 467 858 Arcens.
487 799 590 871 Grypb.
605 805 744 870 samonem
757 821 849 871 genitu
865 802 952 874 AEgid.
967 805 1062 856 strant.
1078 807 1237 872 sanguineum
1255 823 1347 873 genus,
1368 825 1422 876 qne

360 885 424 938 ferri
437 899 492 934 non
506 893 624 950 possum.
639 881 697 934 Nic.
712 882 834 938 Heinsius
847 884 1020 956 conjiciebat,
1038 888 1193 952 sangumem
1210 885 1324 952 ingerens
1336 889 1423 954 insigne

344 967 445 1033 iregni,
467 957 541 1031 quod
558 960 789 1031 interpretabatur,
806 989 817 1010 ι
832 963 964 1016 intentans
980 963 1008 1014 in
1029 980 1092 1028 nra,
1110 975 1191 1034 atquc
1208 963 1245 1014 ita
1265 963 1425 1033 exprobrans

360 1043 410 1095 sibi
424 1061 439 1096 a
452 1057 494 1092 sne
506 1051 637 1110 ereptum.
653 1065 665 1088 ι
685 1040 852 1110 Supervacua
864 1041 1031 1096 emendatio:
1046 1041 1114 1094 nibil
1126 1043 1200 1094 enim
1210 1043 1320 1112 vulgata
1334 1043 1424 1098 clarius

235 1123 246 1138 ⁴
359 1135 386 1176 et
400 1118 596 1192 significantius.

402 1207 448 1262 is.
468 1200 544 1250 laius
559 1201 632 1269 rapti.
653 1201 758 1253 Arcens.
774 1211 800 1254 et
816 1201 890 1253 Deir.
910 1201 984 1252 Laius
1002 1203 1091 1270 erepti,
1112 1197 1200 1252 tribus
1215 1200 1343 1254 vocabuli
1355 1202 1424 1254 Lniru

361 1280 467 1352 syllabis
481 1278 509 1330 in
523 1275 589 1330 duas
601 1279 756 1344 contractis,
769 1279 897 1332 incolumi
913 1293 1048 1350 utcunque
1060 1291 1168 1336 meno,

375 1405 381 1410 .
402 1366 447 1423 ds.
461 1358 557 1410 Inones.
565 1357 664 1410 Omnes
675 1357 751 1412 MSS.
763 1371 790 1412 et
803 1372 866 1414 vett.
875 1357 949 1414 editt.
960 1377 1048 1424 monn,
1061 1357 1133 1430 quod
1143 1361 1206 1430 jure
1215 1359 1321 1412 amovit
1329 1360 1424 1424 Delrin,

361 1440 488 1494 Nostrum
498 1436 631 1506 scripsisse
643 1449 715 1490 ratus
726 1442 816 1491 trenes.

402 1525 447 1583 43.
467 1510 561 1568 Vidn?
576 1518 634 1585 Ego
654 1517 733 1570 uideo.
748 1518 844 1572 Voluit
863 1516 967 1589 Lipsius
986 1517 1060 1583 baec,
1079 1517 1139 1588 Ego
1160 1518 1246 1583 arbo,
1265 1518 1300 1570 ab
1320 1516 1422 1588 OEdipo

360 1596 430 1662 diei,
448 1615 507 1667 qun
523 1607 584 1650 ante
600 1613 661 1648 cunt
679 1598 820 1668 Antigono
836 1597 1063 1662 attribuebantur,
1080 1611 1111 1652 ut
1128 1609 1157 1650 et
1173 1597 1316 1668 sequentia
1335 1599 1422 1648 tradem

359 1680 467 1748 spiritura
481 1679 599 1734 intinicnrn
612 1695 707 1744 ereptae.

402 1763 449 1821 44.
470 1757 529 1825 Ego
545 1755 625 1808 uideo.
645 1755 722 1808 Melit
741 1755 812 1808 Flor.
834 1755 977 1811 Christian.
1002 1755 1070 1808 uideo
1089 1775 1151 1824 ego,
1174 1775 1210 1808 ne
1232 1773 1282 1825 pes
1304 1769 1422 1808 occurrat

360 1835 607 1907 proceleusmaticus
624 1853 715 1888 versus
727 1835 818 1899 initio,
834 1837 909 1907 quasi
923 1836 1011 1888 nullus
1028 1835 1096 1888 alius
1112 1828 1204 1887 veisun
1221 1835 1262 1886 sic
1275 1854 1304 1886 se
1323 1835 1421 1888 babeat

360 1914 424 1968 Vid.
436 1915 546 1986 Thyest.
562 1917 632 1980 2893
645 1915 772 1968 Pboeuiss.
789 1933 841 1968 aas
851 1934 859 1980 ς
869 1916 953 1986 Hipp.
971 1920 1037 1978 1643
1050 1913 1149 1968 Troad.
1164 1915 1218 1978 36,
1235 1915 1303 1976 413,
1314 1929 1364 1966 etc.
1375 1928 1421 1967 etc.

359 2027 399 2038 -
418 1996 525 2064 Esspne.
544 1995 576 2046 ln
597 1995 720 2046 omnibus
736 1993 811 2047 editt.
833 2009 894 2048 ante
917 1994 1083 2048 Gronovium
1102 2005 1129 2048 et
1148 1993 1178 2046 in
1201 1993 1330 2045 omnibus
1350 1994 1420 2046 MSS.

357 2075 493 2145 legebatur
510 2093 584 2138 aue,
607 2071 685 2144 quod¹
701 2091 752 2144 pro
775 2073 913 2146 scripturae
935 2073 1096 2126 Florentius
1117 2071 1172 2126 fide
1194 2091 1210 2125 a
1232 2073 1422 2126 recentioribus

357 2165 486 2206 mutatum
499 2165 546 2206 est.

399 2233 444 2296 4⁵.
461 2232 576 2284 Desertor
587 2236 673 2285 anime.
686 2233 803 2303 Reposni
815 2253 876 2287 cum
890 2232 1007 2286 Badenio
1019 2233 1161 2286 lectionem
1170 2233 1199 2285 in
1210 2233 1340 2284 omnibns
1349 2232 1421 2286 MSS.

358 2324 384 2365 et
394 2323 457 2366 vett.
468 2309 528 2364 edd.
543 2312 671 2374 habitam,
687 2330 818 2384 quamque
829 2313 944 2366 universi
953 2313 1097 2383 preferunt
1109 2312 1203 2366 Pariss.
1215 2311 1299 2366 codd.
1309 2312 1423 2364 Iusserat

358 2391 513 2444 Gronovius
528 2391 609 2444 scribi
627 2391 740 2443 Desertor
754 2396 843 2457 enini,
861 2390 934 2464 qnod
956 2391 1078 2463 OEdipns
1090 2393 1209 2444 animum
1228 2411 1286 2444 non
1304 2404 1422 2456 accusat,

358 2469 458 2541 quippe
474 2483 594 2539 paratum
611 2468 645 2522 sd
665 2489 772 2524 omnem
791 2489 914 2541 punam,
930 2471 975 2524 sed
990 2490 1060 2535 sese,
1077 2472 1124 2541 qui
1138 2472 1231 2524 animo
1251 2489 1356 2524 momm
1372 2490 1421 2524 nnn

358 2549 482 2620 gesserit,
493 2563 519 2604 et
531 2551 587 2620 ejus
599 2545 730 2617 impettim
742 2549 896 2604 destituerit.
906 2549 958 2610 Sed
966 2569 1020 2604 non
1032 2551 1067 2604 ita
1079 2551 1140 2604 felix
1153 2569 1182 2602 ea
1193 2551 1262 2602 mibi
1273 2553 1422 2620 conjectura

358 2627 474 2691 ridetur,
485 2642 515 2682 ut
527 2627 658 2682 firmatam
670 2639 709 2680 tot
718 2629 848 2684 librorum
861 2631 1015 2684 auctoritate
1026 2629 1167 2684 lectionem
1180 2643 1288 2682 mutare
1301 2629 1422 2689 audeam,

358 2709 503 2779 prasertim
523 2727 606 2778 quum
627 2707 732 2778 vulgata
753 2727 808 2762 non
824 2709 934 2762 omnino
953 2709 1172 2780 interpretatione
1191 2723 1291 2763 careat.
1311 2711 1423 2762 Desertor

359 2792 452 2852 anime,
468 2788 506 2843 ait
518 2788 576 2842 Nic.
592 2788 784 2852 Heinsiumtee
797 2799 847 2849 est,
866 2793 906 2860 qui
920 2787 1001 2858 deficit
1013 2788 1048 2840 od
1058 2789 1201 2848 oudenduna
1221 2789 1306 2841 Notat
1317 2809 1421 2861 qnoque

357 2867 489 2924 Bsdanius
503 2867 626 2938 usurpari
642 2868 747 2920 desertor
762 2872 869 2932 enimin,
887 2881 918 2920 ut
937 2872 1028 2922 anisius
1043 2881 1198 2938 contemptor,
1219 2872 1316 2920 arsimus
1335 2875 1418 2928 nicto,

356 2952 449 3002 animos
460 2947 573 2998 liberator
582 2960 609 3000 et
620 2947 727 3008 similia,
741 2946 775 3000 de
785 2947 883 3017 quibua
893 2948 997 3017 egregie
1011 2949 1146 3002 Bentleins
1158 2946 1192 3000 ad
1205 2949 1301 3001 Horat.
1315 2947 1361 3003 od.
1374 2950 1421 3008 tv,

358 3047 393 3094 9,
411 3025 457 3100 39.
477 3026 600 3080 Defendit
615 3026 695 3078 etiam
711 3027 780 3078 hanc
798 3025 930 3079 scribendi
950 3027 1091 3079 formulam
1108 3029 1280 3080 Burmannus
1297 3027 1334 3080 ad
1349 3029 1381 3080 T.
1395 3029 1422 3091 1,

357 3107 467 3160 Authol.
482 3106 527 3160 lat.
562 3109 628 3160 .80.
659 3127 664 3136 ’

396 3188 442 3249 46.
461 3125 560 3259 Dnittd).
577 3184 669 3238 Pariss.
685 3187 757 3240 8028
776 3198 802 3238 et
818 3184 905 3248 8034.
923 3185 1025 3239 dimitte.
1038 3217 1078 3228 —
1093 3187 1183 3238 Poeoos
1196 3186 1329 3255 languidos
1344 3187 1420 3256 louge

355 3285 443 3318 norm·
453 3265 563 3318 Grotius
580 3263 717 3334 adscripsit
736 3264 865 3334 margini:
884 3266 974 3318 Omitte
984 3285 1063 3336 poenoe
1079 3265 1210 3334 languidas
1230 3266 1313 3335 loogoe
1328 3286 1418 3326 moros,

354 3343 426 3414 quod
441 3345 555 3414 arripuit
566 3345 696 3408 Botbeus,
709 3345 817 3415 putidum
828 3358 899 3398 ratus
910 3363 965 3398 esse
978 3347 1120 3415 vulgatam.
1135 3345 1305 3415 Conjiciebot
1316 3363 1420 3416 quoque

353 3424 413 3477 Nic.
431 3425 573 3478 Heinsius:
591 3425 693 3476 Remitte
707 3443 784 3494 poenoe
799 3424 927 3492 languidas
944 3427 1023 3496 longoe
1042 3445 1129 3479 morus.
1145 3424 1199 3478 Sed
1215 3444 1264 3486 cur
1279 3427 1420 3495 abrogetur

351 3517 426 3557 vetus
436 3504 513 3558 lectio
524 3516 549 3558 et
560 3505 679 3556 omnium
690 3504 820 3556 librorum
831 3505 984 3558 auctoritate
995 3503 1149 3557 confirmata
1162 3505 1323 3574 neutiquam
1331 3503 1422 3568 video,

264 3609 268 3616 ·
354 3601 437 3654 qaum
448 3603 532 3653 ponor
544 3584 672 3650 languidas
686 3584 766 3651 lortgoe
779 3603 851 3636 moroe
864 3584 945 3654 possit
957 3584 1058 3652 accipi,
1073 3585 1114 3636 vel
1128 3603 1179 3654 pro
1194 3585 1281 3654 pinnis
1297 3585 1423 3636 mollibus

351 3675 378 3714 et
390 3663 512 3733 turpibus
523 3663 590 3726 viro,
604 3681 662 3733 quas
673 3680 704 3714 ex
716 3662 844 3733 longioris
854 3676 955 3716 tanturn
969 3663 1061 3716 vitreet
1073 3663 1185 3716 miseriae
1199 3681 1275 3716 mora
1289 3664 1421 3725 oriantur,

351 3752 380 3792 ut
392 3759 451 3810 sup.
464 3760 524 3812 pag.
540 3743 595 3811 376
608 3745 795 3812 interpretatus
806 3761 882 3806 sum,
896 3743 939 3794 vel
950 3761 999 3814 pro
1013 3741 1144 3812 languidis
1159 3743 1245 3812 poenis
1256 3761 1317 3813 qua
1327 3744 1355 3794 in
1367 3756 1421 3794 tam

350 3817 482 3872 diutinam
500 3839 603 3874 moram
621 3821 773 3885 trahantur,
794 3834 820 3873 et
835 3819 972 3894 OEdipnnt
991 3823 1099 3876 nonnisi
1114 3835 1175 3892 post
1190 3823 1302 3892 longum
1317 3836 1423 3892 tempus

349 3898 409 3952 sint'
422 3899 610 3968 absumptura.
630 3922 641 3944 s
653 3901 701 3954 Eia
717 3919 782 3972 age,
804 3901 907 3971 inquit,
926 3902 1007 3954 vitam
1023 3903 1170 3971 abrumpe,
1189 3915 1217 3952 et
1234 3921 1285 3971 pro
1305 3903 1381 3954 molli
1396 3915 1422 3954 et

349 3975 486 4032 dimidiata
504 3997 596 4048 poena,
619 3997 678 4051 quas
702 3992 729 4058 te
748 3993 808 4052 post
828 3981 939 4051 longum
961 3979 1145 4036 tantummodo
1168 3999 1256 4035 arram
1279 3979 1422 4044 conficiat,

347 4069 459 4112 mortem
472 4070 553 4112 totam
568 4059 665 4130 recipe.
680 4084 691 4106 ι
