3118 5138
388 507 483 602 cxlvj
689 509 878 580 NOTITIA
902 507 1146 579 LITERARIA
1282 584 1305 630 b,

388 638 438 712 hoc
451 652 552 728 tragg.
568 637 746 724 plurimum
763 651 841 706 estut
858 637 1021 704 illustratos
1039 634 1086 722 (et
1098 656 1240 724 quomm
1251 650 1346 702 notas
1360 635 1455 702 dedit

387 744 518 808 selectus
534 764 609 806 cum
625 741 716 830 suis).
1061 773 1064 780 ·

655 911 775 978 AETAs
797 912 841 976 tv
866 909 1178 978 GBONOVIANA

625 1047 628 1052 ¹
821 1065 1019 1156 1661·1754.
1124 1095 1129 1106 ·

430 1211 478 1274 Ex
500 1233 567 1299 quo
588 1212 638 1276 Jo.
653 1210 739 1277 Frid.
755 1208 928 1277 Gronovius
948 1210 1077 1276 Codicis
1095 1210 1233 1276 Medicei
1255 1233 1319 1300 ope
1341 1228 1459 1302 uugoe·

386 1315 454 1382 dias
475 1316 586 1382 denuc
606 1317 778 1387 recensitas
801 1339 877 1388 cum
903 1333 972 1382 not.
991 1339 1073 1381 varr.
1094 1315 1226 1405 suisque
1244 1317 1347 1382 edidit
1367 1317 1453 1383 1661

387 1445 436 1510 sq.
468 1445 604 1510 eamque
628 1445 739 1488 curam
766 1423 894 1513 repetiit
920 1423 984 1488 loc.
1011 1421 1195 1516 Gronovius
1220 1421 1321 1506 1682,
1354 1445 1458 1486 nemo

388 1550 464 1592 eum
484 1549 636 1616 superare
655 1551 753 1596 ausus
770 1545 835 1610 est3
854 1529 922 1619 ipse
940 1528 1134 1608 novissimus
1158 1525 1281 1609 editor,
1292 1528 1343 1592 Jo.
1357 1530 1456 1616 Casp.

388 1633 604 1716 Sobroedoncs,
624 1635 769 1722 qttamvis
786 1655 825 1700 ex
843 1634 972 1699 duobus
988 1632 1093 1699 Codd.
1112 1649 1144 1697 et
1157 1630 1283 1698 duabus
1294 1631 1368 1698 edd.
1376 1648 1457 1698 vett

388 1725 573 1825 varietatem
585 1739 731 1803 lectionis
743 1731 856 1802 ¹denuo
870 1739 1087 1820 annotaverit,
1097 1737 1186 1802 houd
1200 1755 1306 1802 minen
1319 1739 1353 1802 in
1364 1753 1459 1804 textu

389 1841 564 1908 electione*
578 1842 784 1908 Gronovia'na
805 1843 968 1908 discedere
990 1845 1177 1909 consultum
1194 1843 1255 1908 sibi
1272 1843 1374 1909 duxit.

436 2014 783 2101 montegomerico.
803 2014 892 2102 apud
913 2015 1115 2079 iohannem:
1140 2014 1177 2079 L.
1196 2015 1307 2090 Annei
1327 2013 1460 2079 Βοηεοω

391 2117 550 2208 tmgoediae
566 2119 685 2208 passim
702 2120 856 2184 restitute
874 2143 949 2183 cum
965 2121 1012 2186 Jo.
1025 2117 1113 2184 Frid.
1133 2117 1290 2183 Gronovii
1306 2133 1338 2184 et
1350 2119 1459 2184 vario·

393 2248 468 2288 rum
490 2225 589 2306 notis,
609 2223 650 2288 ad
669 2225 822 2289 Carolum
843 2223 1046 2289 Ludovicum
1070 2225 1253 2314 Principem
1274 2223 1459 2290 Palatinum

394 2330 583 2394 Octovirum
607 2331 753 2395 creandis
779 2331 968 2396 Cesaribus.
1002 2329 1054 2396 Sic'
1077 2345 1126 2395 est
1153 2331 1186 2394 in
1211 2329 1275 2394 vita
1299 2331 1348 2394 Jo.
1371 2329 1488 2394 Frid..

393 2433 550 2499 Gronovii
566 2435 675 2500 Germ.
691 2435 777 2500 edita
790 2437 968 2526 Hamburgi
988 2435 1072 2524 ¹7²3
1087 2437 1121 2500 in
1135 2437 1204 2500 Cat.
1218 2433 1343 2522 scriptt.
1356 2435 1460 2522 ipsius

394 2540 637 2628 manuscripto,
653 2562 686 2604 u.
699 2541 766 2623 XI,
785 2563 817 2630 p.
833 2564 889 2606 101
903 2565 952 2628 sq.

429 2704 473 2762 sic
492 2705 644 2760 Gronovius
663 2705 697 2759 de
711 2705 865 2758 Florentino
879 2723 943 2758 auo:
964 2707 1055 2758 «Dum
1070 2703 1209 2758 Florentio
1224 2703 1316 2776 Magni
1329 2703 1413 2758 Ducis
1425 2705 1463 2757 bi·

393 2791 553 2846 bliothecam
568 2793 772 2864 perlustrarem,
790 2790 906 2845 advertit
926 2793 1018 2845 oculos
1038 2809 1111 2844 meos
1130 2791 1254 2845 volumen
1274 2785 1462 2862 uegoediarum

395 2880 502 2933 Seneca
516 2879 544 2932 in
563 2879 726 2944 membranis
742 2878 940 2950 spectatissime
956 2897 1051 2934 manua
1064 2896 1096 2938 ac
1108 2877 1186 2941 fido,
1202 2879 1335 2935 utstatim
1348 2878 1464 2932 intuenti

395 2968 512 3040 primum
533 2965 600 3018 mibi
622 2964 762 3019 videbatur
782 2978 808 3019 ct
830 2979 923 3037 postea
947 2966 1028 3019 certis
1052 2965 1210 3039 argumentis
1232 2966 1354 3038 cognovi.
1368 2965 1465 3020 Preter

395 3055 478 3128 ipsam
498 3054 634 3108 literarum
648 3053 777 3119 sormam,
792 3054 852 3108 loca
864 3051 1003 3127 quiedam,
1019 3071 1132 3125 quorum
1149 3053 1176 3105 in
1194 3053 1280 3108 labem
1295 3052 1464 3110 manifestum

396 3155 423 3198 et
434 3141 597 3213 desperatum
617 3153 663 3193 eut
681 3141 812 3194 incassum
831 3152 958 3195 tentatum
977 3159 1069 3195 omnes
1086 3141 1131 3194 alii
1152 3139 1320 3212 chirographi
1337 3143 1464 3212 conjure-

396 3245 467 3294 rant,
481 3231 591 3284 mirifice
604 3250 635 3284 ac
650 3249 731 3303 snpra
747 3249 822 3303 spem
843 3231 964 3285 restituta
984 3231 1147 3302 reperiebam
1149 3269 1191 3284 .....
1211 3231 1261 3284 illa
1283 3249 1392 3303 quoque
1410 3249 1464 3282 non

395 3321 460 3374 levis
472 3318 613 3373 videbatur
626 3319 821 3374 commendatio
832 3319 979 3374 Florentiui
991 3318 1109 3385 codicis,
1124 3318 1197 3391 quod
1210 3317 1377 3381 adfirmaret,
1392 3319 1467 3390 quic·

396 3407 461 3480 quid
472 3407 571 3461 utiliter
583 3405 619 3462 ad
632 3407 754 3480 vulgatos
766 3407 944 3463 emendandos
957 3427 990 3461 ex
1000 3407 1148 3479 antiquitus
1161 3405 1266 3480 scriptia
1275 3405 1320 3458 alii
1329 3405 1466 3480 produxe·

398 3506 471 3556 rant,
485 3513 540 3566 prm
557 3495 655 3548 ceteris
675 3494 781 3568 Lipsius
799 3515 814 3548 e
836 3495 940 3548 lectiori
954 3514 1072 3548 suorum.
1093 3495 1166 3548 Duos
1179 3495 1249 3548 enim
1269 3493 1315 3546 ille
1330 3491 1469 3557 adhibuit,

398 3600 512 3654 quorum
527 3583 668 3636 alteruma
685 3584 768 3639 Paulo
784 3583 908 3646 Melissa,
935 3583 1047 3636 alterum
1067 3583 1101 3634 sb
1120 3581 1183 3636 thr.
1198 3581 1298 3634 Ortelio
1318 3595 1469 3654 acceperet.

398 3668 474 3724 Prior
484 3687 590 3732 omnes,
610 3670 657 3741 qai
667 3669 780 3724 antebac
796 3669 912 3724 consulti
922 3682 996 3735 aunt,
1012 3671 1092 3742 louge
1106 3681 1168 3740 post
1184 3680 1258 3741 terga
1277 3667 1467 3740 relinquebat:

400 3755 446 3812 sed
458 3755 531 3830 quod
547 3755 575 3808 in
585 3756 719 3830 plerisque
730 3757 822 3812 nullus
832 3757 857 3812 ei
870 3755 1009 3812 accederet
1021 3755 1155 3812 secundos
1165 3767 1268 3821 auctor,
1280 3767 1409 3828 tunquam
1422 3775 1471 3808 oo·

397 3843 479 3900 randi
491 3843 604 3907 nimios,
622 3863 690 3918 sepe
703 3849 816 3917 rejectus
830 3857 885 3910 est,
900 3855 927 3896 et
946 3844 1136 3900 obtrectatores
1156 3843 1266 3900 invenit.
1283 3837 1375 3913 Quom
1397 3842 1471 3897 enim

399 3931 518 4004 plurimo
530 3931 624 4002 possim
636 3950 718 3986 manu
732 3945 844 3986 exarato
859 3943 961 3986 exstent
978 3932 1019 3986 bo
1035 3931 1183 4005 tragoedis,
1197 3951 1259 4004 pars
1272 3949 1370 4002 magna
1380 3931 1470 4004 exigui

398 4018 492 4090 pretii,
514 4017 656 4071 multitudo
676 4021 828 4092 aequiorum
849 4019 908 4081 uni,
922 4020 983 4074 licet
1005 4020 1123 4085 eximio,
1144 4019 1262 4084 obstitit,
1283 4033 1309 4072 et
1326 4037 1471 4072 numerurm

397 4106 503 4162 vincere
524 4108 667 4179 jusserunt.
689 4107 810 4172 Quorum
828 4107 940 4162 libenter
955 4125 1114 4164 excusamus
1130 4106 1253 4181 ‚quamvis
1271 4123 1470 4192 supervacuam
