3240 5138
676 525 714 591 L.
745 520 920 590 ANNAEI
948 517 1165 587 SENECAE

442 659 546 725 Frons
560 669 673 740 torva,
687 653 827 722 fratrum
843 677 915 746 quae
932 665 1042 719 tamen
1060 649 1202 742 speciem
1220 661 1315 742 gerat

444 762 624 854 Gentisquc
642 773 740 828 tantae.
757 785 765 827 :
781 757 892 826 vultus
908 771 958 825 est
973 753 1018 823 illi
1033 755 1145 844 lovis,

443 866 506 936 Sed
529 864 738 935 fulminantis.
756 866 881 958 Magna
901 887 978 956 pars
996 861 1089 953 regni
1110 860 1212 928 trucis
1407 888 1448 941 με

443 975 503 1040 Est
521 975 589 1065 ipse
609 971 780 1056 domiuus,
802 969 895 1060 cujus
918 981 1069 1061 aspectus
1091 966 1204 1050 timet,

442 1077 611 1170 Quidquid
630 1077 771 1144 timetur.
791 1097 904 1144 siren.
918 1075 1050 1141 Verane
1069 1084 1119 1142 est
1138 1070 1244 1158 fama,
1261 1068 1372 1138 inferis

442 1185 524 1251 Tam
542 1207 614 1250 sera
634 1181 726 1250 reddi
740 1181 833 1273 jura,
850 1193 884 1246 et
904 1175 1023 1261 oblitos
1045 1177 1095 1246 sui

443 1286 580 1357 Sceleris
597 1301 753 1358 nocentes
768 1285 897 1353 debitas
912 1307 1025 1377 poenas
1039 1280 1142 1349 dare?

443 1395 529 1482 Quis
546 1394 607 1462 istc
625 1394 695 1460 veri
712 1406 821 1460 rector
842 1403 939 1482 atque
958 1389 1042 1481 oequi
1058 1384 1200 1455 arbiter?
1303 1397 1307 1404 “
1410 1419 1450 1470 7³0

442 1521 539 1567 runs.
559 1497 636 1566 Non
654 1521 740 1566 unns
757 1495 823 1564 alta
843 1493 919 1564 sede
937 1495 1091 1587 qnaesitor
1107 1491 1224 1561 sedens

389 1723 461 1758 necte
474 1703 527 1757 boc
543 1705 603 1758 loco
619 1704 773 1756 inferiorem
786 1715 897 1756 conten·
940 1701 1075 1766 arbitron
1103 1700 1201 1754 scilicet
1225 1717 1317 1770 rogare
1345 1711 1448 1752 tantum

388 1783 429 1837 dit
443 1783 548 1848 Delrio,
557 1783 600 1836 cui
610 1781 723 1836 libenter
733 1781 897 1843 accedimus,
940 1779 1163 1852 Amphitryonem
1171 1819 1179 1843 ,
1188 1797 1221 1831 aa
1232 1779 1293 1848 jurii
1302 1777 1448 1832 reddantur

388 1876 499 1936 propter
524 1863 592 1916 hane
613 1860 779 1932 splendidam
803 1859 897 1932 depin·
940 1856 1389 1931 ininferis‚seraquidem‚quum
1399 1877 1449 1930 per

388 1940 467 2013 geudi
482 1941 602 1996 Plutonis
621 1941 794 2005 brevitatem,
816 1942 897 1994 aulem
939 1939 1049 2008 longum
1073 1939 1135 1992 sitta
1158 1949 1263 2010 tempus
1290 1939 1450 2010 impunitate

388 2023 427 2074 tttt
440 2023 527 2086 Jove,
540 2021 584 2074 sed
590 2021 753 2088 sabntnantts.
939 2017 1055 2089 quadam
1077 2019 1131 2070 frui
1150 2030 1275 2070 nocentes
1288 2018 1447 2087 potuerint3

430 2103 496 2170 7²⁵·
508 2101 683 2171 Magnnpars,
697 2111 746 2153 etc.
760 2099 897 2152 Intertatn
939 2116 999 2168 quas
1015 2097 1123 2170 quidem
1137 2098 1304 2169 percontatio
1319 2115 1351 2148 eo
1368 2099 1449 2168 magis

389 2179 472 2233 multa
492 2179 621 2234 terribilia
639 2179 738 2232 eminet
753 2179 897 2232 terribilior
940 2175 1162 2249 Ampbiuyonern
1183 2175 1277 2241 decet,
1293 2173 1366 2248 qnod
1381 2177 1448 2246 Lyci

388 2259 505 2325 Pluton;
531 2276 611 2329 quem
634 2271 726 2311 caetera
751 2259 896 2310 interorum
939 2256 1105 2328 triumphare
1120 2256 1262 2309 saevitatem
1283 2267 1310 2308 et
1330 2255 1446 2327 opprimi

387 2353 517 2402 monstra,
528 2338 586 2407 ipsa
595 2336 752 2402 metuenda,
763 2349 894 2390 metuant.
937 2335 1023 2394 bonos
1038 2354 1094 2388 non
1107 2336 1164 2388 sine
1178 2334 1354 2387 admiratione
1369 2348 1396 2388 et
1407 2335 1447 2390 ira

429 2435 492 2487 727·
503 2416 629 2488 Quidquid
639 2422 740 2468 timetur.
750 2415 837 2468 Furia
847 2417 897 2469 sci·
938 2413 1054 2482 riderit3
1076 2413 1151 2468 unde
1174 2415 1241 2468 scite
1258 2425 1399 2486 peroptat,
1412 2433 1446 2466 an

386 2496 451 2550 licet
467 2508 494 2549 et
506 2513 685 2568 qttascumque
698 2507 784 2568 pestes
799 2495 896 2548 Noster
938 2494 1030 2547 saltem
1052 2495 1080 2546 in
1102 2494 1194 2547 inferis
1207 2511 1253 2546 sua
1265 2505 1371 2546 maneat
1390 2513 1445 2546 sce-

386 2595 412 2628 r.
427 2579 480 2645 693
498 2589 525 2628 et
539 2593 611 2647 seqq.
626 2575 799 2628 enumerarit.
937 2571 1016 2626 lestos
1024 2591 1101 2645 prena
1111 2613 1119 2638 ,
1130 2586 1271 2646 postquam
1280 2573 1308 2625 in
1320 2561 1397 2626 lerris
1406 2575 1447 2644 ju·

427 2655 492 2724 728.
513 2656 574 2707 Tam
587 2674 641 2706 sem
654 2655 723 2706 reddi
731 2657 800 2724 jura.
814 2651 894 2707 Eira-
937 2650 1006 2706 dicia
1026 2653 1166 2706 bominum
1190 2655 1300 2706 elusere.
1316 2653 1378 2716 Quo
1399 2671 1445 2708 ste·

387 2751 449 2787 rere
465 2733 511 2805 qui
530 2753 560 2786 ea
580 2733 617 2787 sic
634 2733 799 2803 interpretati
814 2747 893 2798 suut,
936 2732 997 2802 pius
1023 2732 1120 2786 Noster
1144 2733 1172 2784 in
1193 2733 1277 2785 aliena
1295 2730 1447 2784 discurrere

384 2826 510 2883 tanquam
517 2811 546 2865 in
553 2813 708 2866 interissem
716 2811 894 2866 redderentur
936 2813 1020 2877 solet,
1039 2831 1071 2866 eo
1084 2813 1166 2883 magis
1180 2809 1392 2874 attendendum,
1410 2831 1447 2864 ne

383 2895 455 2968 jura,
467 2905 495 2946 et
511 2893 625 2944 multum
639 2891 768 2964 temporis
782 2893 810 2944 in
825 2892 894 2946 Ditis
935 2891 976 2944 illi
988 2932 996 2958 ,
1010 2910 1067 2964 quae
1081 2910 1226 2963 peccavere
1240 2892 1374 2962 interpp..
1394 2891 1444 2942 im·

383 2987 467 3043 regno
480 2985 648 3025 versarentur
662 2984 787 3024 nocentes
803 2971 893 3043 prius·
935 2983 1069 3044 putemus.
1079 3003 1120 3012 —
1133 2971 1236 3024 Obdtos.
1247 2970 1317 3035 Quia
1325 2970 1354 3021 in
1365 2970 1446 3023 terris

384 3069 464 3122 quam
478 3069 567 3104 coram
579 3049 713 3123 judicibus
728 3052 891 3105 sisterentur.
934 3051 1036 3113 inulti,
1059 3069 1198 3121 nunquam
1216 3049 1267 3104 sibi
1289 3047 1444 3102 solvendam

385 3133 460 3185 Inter
473 3131 535 3198 lios,
550 3130 652 3202 Conpe':
663 3131 807 3182 Est-ilorci
819 3131 893 3204 qa'on
935 3131 1040 3183 sceleris
1052 3147 1156 3201 poenam
1168 3130 1226 3183 iore
1237 3129 1444 3182 arbitrabantur.

383 3223 420 3262 est
432 3223 486 3262 tant
495 3210 608 3262 d'aans'es
620 3211 637 3262 ὰ
640 3213 715 3282 juger
726 3210 759 3262 les
772 3223 854 3274 morta,
869 3223 893 3263 et
976 3209 1044 3280 731.
1067 3210 1125 3262 Non
1146 3227 1213 3262 unns.
1238 3211 1367 3272 AEacum,
1389 3209 1445 3261 Mi—

383 3309 428 3360 que
438 3291 471 3342 tn
480 3291 596 3343 crimmela
605 3309 635 3342 ns
645 3310 670 3341 se
681 3291 891 3360 ronvieunentplus
934 3307 1014 3342 noem
1028 3300 1054 3341 et
1068 3287 1300 3342 Rhadamanthum
1315 3300 1446 3340 memorat

382 3369 412 3420 de
428 3369 489 3421 leurs
504 3373 585 3422 crimes
601 3369 684 3442 quand
697 3389 728 3422 on
745 3371 778 3422 les
798 3374 892 3441 punit?
935 3367 1052 3430 Seneca,
1073 3381 1104 3424 ut
1124 3385 1215 3421 omnes
1235 3380 1328 3438 poete.
1344 3365 1397 3419 Sed
1419 3368 1445 3420 ei

382 3447 485 3502 Pariter
495 3450 586 3503 uvea.-
597 3449 681 3502 Euat
691 3452 749 3501 arai
761 3449 892 3522 qu'ondis·
934 3448 1076 3520 proprium
1090 3460 1148 3510 est,
1165 3445 1239 3520 quod
1252 3447 1336 3499 tribus
1348 3448 1444 3518 quaesi·

378 3529 433 3594 sere
445 3532 467 3580 si
479 3529 609 3598 long-tems
624 3549 673 3581 aaa
688 3530 766 3595 erasm
778 3529 809 3581 de
818 3533 893 3600 jreger
934 3529 999 3580 turis
1010 3545 1106 3580 munus
1115 3527 1217 3580 tribuit
1223 3523 1364 3595 Vidvirg.
1380 3523 1443 3578 AEn.

382 3607 415 3658 les
427 3620 518 3670 morta,
533 3620 615 3680 etque
630 3608 663 3661 les
682 3610 814 3672 eriminels,
830 3607 892 3661 lors-
935 3607 991 3672 vt,
1006 3607 1059 3670 aaa
1072 3645 1080 3669 ,
1094 3606 1143 3659 ubi
1164 3604 1300 3658 inducitur
1315 3605 1444 3675 quaesitor

380 3687 455 3760 qu'on
468 3688 500 3737 les
506 3691 595 3757 punit,
610 3700 653 3740 ont
662 3687 739 3756 perdar
752 3689 892 3742 ksottvenir
935 3685 1042 3752 Minos,
1057 3685 1085 3737 in
1107 3686 1166 3757 ipso
1181 3685 1327 3738 inferorum
1344 3683 1418 3737 aditu
1432 3703 1442 3748 ;

382 3767 412 3818 dc
432 3766 493 3816 leurs
515 3771 623 3818 crimes?
646 3767 686 3818 De
713 3764 793 3820 dilata
818 3767 890 3840 apud
935 3761 1443 3830 etAEn.V1,566‚nbiRhadaman·

379 3861 469 3897 manes
485 3846 654 3899 scelestorum
669 3864 760 3917 poeua.
777 3846 849 3900 nulla
861 3847 890 3900 in
933 3843 996 3897 thus
1008 3843 1036 3897 in
1048 3843 1161 3897 Tartaro
1174 3843 1287 3915 lingitur
1299 3844 1444 3896 sententias

379 3923 540 3994 mythologie
550 3925 663 3990 mentio;
671 3943 772 3997 neque,
782 3945 890 3998 quomo·
931 3922 1066 3996 judicum,
1078 3923 1280 3976 triumvirorum
1289 3923 1442 3994 capitalium

378 4003 453 4056 brem
471 4015 572 4057 veteres
589 4002 754 4075 judiciorum
771 4005 889 4058 inferno·
933 4022 1025 4065 more,
1042 4003 1158 4075 exsequi.
1173 4003 1252 4056 Cant.
1267 4015 1294 4056 et
1309 4002 1396 4073 lleyn.
1409 4000 1442 4054 ad

378 4096 437 4136 rum
457 4081 553 4135 labulae
567 4083 621 4136 boc
635 4080 813 4150 addidissent,
829 4104 888 4156 per·
932 4081 1005 4136 huuc
1020 4083 1067 4136 lib.
1089 4101 1191 4136 ercurs.
1207 4082 1265 4143 XI,
1286 4082 1387 4153 inquo
1408 4081 1442 4134 de

381 4162 472 4234 spicio.
483 4159 564 4214 Aliud
574 4182 589 4215 a
599 4161 698 4216 Seneca
712 4164 888 4234 significatum
933 4163 981 4216 hac
989 4164 1041 4234 ipsa
1050 4183 1079 4217 re
1088 4163 1194 4234 copiose
1203 4161 1350 4216 disseritur.
1360 4161 1440 4216 Clau-
