3090 5142
357 565 368 634 l
525 617 528 623 Δ
663 565 726 634 DE
751 563 921 634 ANNAEO
945 563 1118 634 SENECA

358 707 457 776 quern
473 687 619 750 imitatus
634 701 736 768 esset,
754 709 774 752 e
790 707 886 749 scena
903 699 1074 773 promotus
1093 679 1136 747 ad
1151 693 1308 769 agrestem
1326 679 1429 743 vitam

357 793 498 868 redierit.
515 795 643 884 Nempe
658 791 803 884 gravitati
816 791 1007 858 horridioris
1019 790 1184 856 vetustatis
1197 787 1319 854 addicit
1330 787 1430 851 labu-

357 899 418 976 las‚
431 899 552 988 quibus
567 900 621 965 ille
636 899 826 988 AEacbylum
841 915 938 987 atque
951 896 1139 986 Euripidem
1150 893 1265 960 sectari
1278 893 1429 957 voluerit.
1543 921 1544 930 ¹

357 1007 434 1072 Hac
450 1006 550 1096 igitur
564 1006 673 1071 valent
693 1004 736 1069 ad
757 1003 1011 1069 confirmandam
1033 1003 1205 1068 lectionem
1227 1015 1370 1065 veteram
1390 999 1427 1061 in

355 1111 525 1176 codicibus
539 1111 666 1201 scriptis
678 1110 994 1200 obvenientem,qui
1007 1108 1108 1175 Marci
1119 1106 1289 1187 cujusdam
1302 1127 1427 1170 nomen
1542 1123 1544 1144 1

355 1217 390 1280 in
413 1217 522 1282 fronte
540 1218 573 1282 X
592 1217 718 1282 illarum
741 1215 970 1306 tragoediarum
995 1231 1123 1306 gerunt.
1144 1211 1291 1278 Forsitan
1308 1228 1343 1275 et
1359 1227 1431 1274 tres
1543 1231 1544 1250 ¹

356 1322 402 1386 illi
418 1323 590 1412 scriptores
608 1326 644 1388 L.
660 1325 800 1388 Annaeus
815 1323 952 1406 Seneca,
970 1319 1203 1410 philosophus,
1221 1319 1268 1383 Ill.
1283 1319 1430 1381 Annuus
1543 1337 1544 1358 .

355 1427 494 1505 Seneca,
505 1444 600 1518 poeta
613 1428 770 1519 tragicus,
782 1444 816 1494 et
825 1429 965 1493 Anums
978 1428 1130 1493 Lucanus
1142 1439 1237 1506 sunt,
1249 1422 1291 1488 de
1304 1401 1430 1510 quibris

356 1532 509 1600 Martialis
520 1534 673 1624 cogitavit
684 1534 718 1598 in
731 1533 855 1617 verbis,
868 1533 926 1601 lib.
937 1534 994 1618 1v,
1007 1555 1059 1622 ep.
1073 1535 1137 1610 do:

532 1703 1027 1754 AttiaPisonumtabantcumatemmta
1034 1711 1102 1762 toto,

568 1794 600 1841 Et
608 1791 678 1840 docti
686 1793 783 1842 Seneca
793 1803 829 1840 ter
836 1789 984 1841 numeranda
994 1790 1091 1840 domas.

529 1879 683 1930 erenum
692 1880 766 1931 untia
775 1881 855 1930 solum
865 1891 905 1941 ts,
915 1877 1061 1935 Paithana,
1072 1876 1164 1943 regnis,
1175 1885 1223 1926 otc.

400 2055 501 2142 Nam,
516 2073 556 2125 ut
570 2059 665 2125 estin
679 2057 781 2123 altero
795 2057 1000 2141 loco,lib.l,
1015 2057 1142 2147 epfia:

533 2219 603 2267 Duos
610 2220 716 2267 Senecas
725 2218 873 2283 animmque
881 2221 1006 2268 Lucanum

533 2303 647 2354 Facunda
656 2305 767 2370 loquitur
775 2304 898 2354 Corduba.

400 2455 548 2520 Dubitari
566 2471 674 2520 autem
692 2455 811 2545 possit,
832 2475 873 2520 an
891 2455 1020 2520 lllarcus
1036 2454 1158 2537 rhetor,
1173 2451 1269 2534 cujus
1289 2467 1427 2516 contro-

353 2561 477 2642 versiae,
488 2576 643 2649 tanquam
653 2561 846 2625 collectanea
857 2558 1135 2650 quaedam,pueri·s
1142 2558 1295 2623 Romanis
1304 2555 1427 2644 scripta

355 2681 449 2747 sunt,
474 2664 529 2729 hic
551 2664 762 2752 scriptoribus
788 2663 880 2730 claris
907 2661 1164 2730 adnumeretur?
1187 2663 1220 2729 si
1240 2663 1312 2751 quis
1334 2661 1425 2725 enim

355 2770 417 2834 luit
430 2770 485 2834 illo
500 2786 647 2859 tempore
660 2785 755 2857 poeta
769 2770 927 2860 tragicus,
940 2793 1026 2858 quo,
1041 2785 1122 2834 teste
1135 2768 1287 2848 Sidonio,
1300 2789 1428 2856 praepo·

356 2889 427 2939 tens
451 2875 534 2938 facta
557 2890 606 2938 est
629 2873 799 2955 Corduba,
824 2875 915 2938 hunc
939 2875 1048 2963 potius
1075 2873 1269 2963 philosopho
1294 2873 1427 2937 Senecae

355 2977 618 3068 aequiparandum
632 2977 826 3059 judicamus.
847 2979 946 3061 Nam,
965 2978 1056 3067 quod
1075 2979 1109 3044 in
1127 2978 1304 3044 Annalibus
1320 2978 1426 3042 Taciti

354 3084 381 3148 is
394 3106 461 3148 non
475 3099 638 3165 occurrat,
651 3083 761 3147 minus
771 3083 868 3148 etiam
880 3082 1065 3148 mirandum
1077 3105 1147 3152 esse
1157 3081 1296 3164 videtur,
1308 3105 1425 3171 quarn,

355 3189 583 3279 tragaediarum
609 3213 629 3254 a
651 3189 848 3278 philosopho
875 3189 995 3256 Seneca
1024 3191 1237 3279 scriptamm,
1262 3211 1369 3278 neque
1388 3190 1423 3254 in

355 3293 499 3374 ejsudem
513 3295 671 3384 epistolis,
685 3317 792 3383 neque
804 3295 837 3358 in
851 3295 984 3360 historia
997 3295 1082 3361 illius
1094 3296 1263 3384 temporis,
1281 3296 1425 3361 mentio·

354 3421 431 3464 aem
449 3423 519 3465 esse
535 3402 661 3465 facum.
678 3399 750 3464 Jam
768 3416 802 3466 et
817 3400 982 3466 neminem
998 3399 1169 3466 offendant
1183 3422 1277 3465 voces
1291 3401 1423 3483 Stoicae,

245 3537 250 3550 .
353 3505 539 3592 quapoetis
547 3527 615 3570 non
624 3502 801 3570 admodum
812 3505 1089 3588 laverevidentur,
1099 3506 1132 3569 in
1142 3505 1284 3595 epistolis
1292 3505 1425 3572 senece

353 3608 492 3674 subinde
511 3609 689 3676 audiendae.
720 3611 810 3698 Saepe
831 3611 920 3676 enim
945 3611 999 3692 hic
1029 3609 1070 3676 de
1097 3628 1266 3700 poetamm
1292 3612 1424 3700 ineptiis

352 3715 549 3805 philosopho
565 3716 707 3807 indignis
724 3717 842 3807 agitur,
866 3739 1047 3806 eorumque
1065 3717 1236 3782 consilium
1261 3741 1359 3783 omne
1379 3719 1422 3783 ad

352 3820 558 3887 oblectandas
575 3845 669 3888 aures
686 3823 838 3902 rejicitur.
857 3825 983 3914 Urgent
998 3821 1117 3888 deinde
1137 3822 1171 3887 in
1194 3823 1307 3911 primis
1322 3825 1422 3888 etiarn

352 3928 412 3992 riri
438 3927 527 3993 docti
553 3929 661 3993 locum
690 3930 783 4019 epist.
815 3951 889 4017 107,
920 3929 977 3994 ubi
1007 3931 1128 3996 Seneca
1157 3951 1268 3996 versus
1295 3930 1423 4017 aliquot
1519 3913 1522 3918 Δ

354 4033 534 4116 Cleanthis,
559 4035 592 4098 in
617 4035 753 4099 latinum
777 4057 959 4101 sermonem
984 4059 1002 4100 a
1029 4057 1063 4100 se
1089 4051 1251 4117 mutatos,
1273 4033 1423 4100 timidius

353 4140 487 4230 profert.
514 4138 596 4203 Nam
621 4141 721 4227 quieri
746 4142 864 4229 possit,
887 4140 975 4206 unde
1003 4141 1172 4229 scriptori,
1201 4143 1257 4228 qui
1289 4141 1322 4204 in
1352 4159 1422 4206 arte
