3240 5138
331 545 608 614 Hancuaus
634 536 852 612 annuns
876 537 987 610 aer.
1013 542 1087 609 111.
1194 521 1247 636 73'

231 682 301 770 Qui
316 679 464 766 advexit,
480 693 514 748 et
529 702 603 773 quae
613 677 719 772 jussit.
734 676 775 743 In
794 697 907 769 peenas
924 699 1031 758 meas,

232 790 341 881 Atque
355 788 389 856 in
403 784 533 854 labores
546 809 615 854 non
628 784 705 854 satis
719 796 814 851 terrae
829 796 951 876 patent.
1047 819 1050 826 ·
1202 812 1241 852 ee

231 893 371 962 lunonis
385 890 461 960 odio
477 890 543 959 vidi
559 891 724 960 inaccessa
738 889 910 974 omnibus,

231 999 353 1093 Ignota
367 995 510 1084 Phoebo,
526 1021 663 1092 quaeque
677 995 821 1065 deterior
838 993 933 1090 polus

234 1104 387 1175 Obscura
402 1103 475 1172 diro
491 1103 595 1198 spatia
609 1103 771 1173 concessit
784 1103 877 1189 Jovi3

234 1210 280 1279 Et
293 1212 320 1278 si
336 1208 504 1304 placerent
517 1209 621 1278 tertiae
636 1209 732 1278 sortis
749 1206 839 1292 loca,

235 1317 388 1410 Regnare
406 1317 511 1410 potui.
526 1317 642 1386 Noctis
657 1330 785 1385 aeternae
801 1314 919 1401 chaos,
1205 1345 1244 1385 no

179 1511 329 1569 munerari,
348 1506 461 1577 portendi
473 1546 481 1569 ,
507 1506 610 1576 proeda'cr'
622 1514 638 1557 ι)
662 1526 691 1558 a
736 1516 780 1557 tur
797 1505 853 1576 poli
867 1505 895 1556 in
909 1504 1120 1570 calmontem
1136 1524 1182 1558 seu
1196 1505 1244 1558 bo

179 1607 230 1660 quo
243 1587 286 1639 uta
304 1599 415 1650 ostenta,
433 1597 689 1656 momrra,poreema,
735 1585 832 1650 realis,
855 1597 882 1638 et
904 1584 1061 1638 antarcticus
1083 1603 1130 1637 seu
1149 1585 1244 1638 austri·

176 1667 295 1736 prodigis
324 1665 443 1718 dicuntur.
475 1665 576 1736 Saepius
603 1677 691 1719 tamen
736 1681 809 1716 nus:
835 1680 949 1736 quorum
977 1665 1051 1735 prior
1071 1664 1149 1717 nobis
1176 1665 1244 1716 obli-

177 1757 316 1816 portentum
329 1763 381 1818 pro
394 1743 468 1796 omni
482 1756 602 1812 monstro
616 1756 643 1798 et
664 1763 693 1796 re
737 1742 949 1816 quamspliaeraru
957 1743 1246 1814 habitantibussempcr

182 1825 302 1897 qualibet
315 1823 455 1898 prodigiali
469 1835 623 1896 usurpatur.
637 1824 693 1877 Ho-
737 1823 896 1894 conspicuus
917 1835 944 1876 ct
963 1823 1083 1877 sublimis
1103 1836 1159 1889 θοις
1181 1824 1246 1876 alter

181 1916 234 1960 rat.
247 1905 288 1968 11,
301 1905 378 1976 epist.
394 1921 417 1969 r,
427 1922 453 1957 v.
467 1922 509 1957 ro.
525 1931 537 1952 ι
547 1904 638 1957 Dirum
647 1901 694 1974 qui
737 1900 875 1973 depressus
902 1915 929 1955 et
953 1900 1142 1968 absconditus,
1167 1920 1247 1975 quern

182 1983 308 2038 contudit
326 1983 462 2054 hydram,
482 1983 605 2054 Notaque
623 1982 695 2037 sauli
737 1979 799 2034 ideo
817 1981 908 2034 inferis
922 1994 1024 2036 tanturn
1046 1982 1128 2054 aspici
1145 1996 1247 2035 veteres

184 2077 311 2134 portenta
325 2064 416 2116 labore
430 2063 544 2134 subegit·
560 2089 571 2110 ι
738 2059 914 2114 tradiderunt.
929 2062 1005 2133 Virg.
1017 2061 1114 2133 Georg.
1128 2063 1156 2127 l,
1170 2069 1222 2128 ²4²
1238 2080 1245 2114 τ

226 2147 294 2206 604.
316 2144 367 2214 Qui
386 2143 486 2195 advexit
503 2155 527 2193 et
546 2161 599 2214 qua
611 2145 693 2212 jussit.
734 2140 805 2194 sliic
812 2153 903 2194 vertex
914 2141 992 2195 nobis
1000 2161 1104 2213 semper
1117 2141 1246 2208 sublimio

184 2222 256 2294 Ego,
268 2226 322 2294 jam
333 2221 477 2276 Cerberum
491 2219 613 2275 intuendi
623 2219 695 2275 haud
738 2232 765 2274 at
786 2219 861 2272 illurn
886 2221 941 2274 Sub
958 2220 1073 2293 pedibus
1100 2221 1164 2292 Styx
1192 2233 1248 2274 atra

185 2302 319 2368 insolens,
344 2301 444 2373 quippe
468 2320 546 2373 quern
568 2301 697 2366 vicerim,
738 2297 961 2372 videtllanesque
970 2298 1210 2373 profundi.»Uude
1221 2314 1248 2354 et

186 2393 214 2434 et
224 2382 316 2448 Iuno,
330 2384 429 2453 justam
442 2380 497 2434 odii
512 2381 553 2434 sui
568 2393 594 2433 et
606 2381 696 2453 perri·
739 2380 767 2432 iu
786 2380 904 2440 Nostro,
925 2382 1025 2433 obscura
1042 2385 1122 2451 spatia
1137 2399 1191 2452 φοι
1204 2381 1248 2433 de-

186 2461 264 2514 crcioe
283 2479 389 2533 poenarn
405 2474 505 2514 terrore
519 2458 627 2514 videndi
648 2461 696 2513 lra-
741 2463 814 2510 terior
828 2461 899 2530 polus
915 2465 1028 2513 concessit
1040 2461 1094 2512 diro
1106 2460 1180 2525 lovi,
1195 2461 1248 2513 hoc

187 2541 285 2594 bitura.
307 2540 372 2612 Sup.
387 2559 414 2592 r.
439 2543 493 2604 61,
510 2541 582 2593 Juno
597 2559 604 2590 ο
621 2566 634 2586 ι
652 2541 698 2592 Me
740 2549 794 2603 est,
813 2540 925 2594 obscura
941 2541 1086 2594 inferorum
1101 2539 1248 2612 regna,ad

187 2639 297 2692 quoque
319 2621 415 2672 invasit
438 2632 551 2677 tremor,
573 2619 606 2670 Et
622 2632 697 2672 terna
740 2619 914 2673 antarcticum
925 2622 1017 2691 polum
1028 2621 1089 2682 sita,
1101 2639 1159 2692 quae
1170 2619 1248 2673 Pluto

187 2700 300 2754 monstri
316 2699 384 2754 colla
399 2697 496 2752 devicti
510 2701 636 2764 intuens,
650 2699 697 2751 Ti·
740 2699 849 2751 sortitus
862 2711 909 2752 est.

189 2781 246 2832 mui
259 2780 410 2850 imperasse.
426 2805 437 2826 ι
781 2780 846 2832 608.
860 2779 946 2832 Dirc..
959 2778 1037 2831 ..lovi
1052 2779 1168 2833 Plutoni.
1182 2777 1246 2833 vid.

230 2858 298 2913 605.
310 2859 435 2913 Namare
448 2869 516 2914 term
526 2869 620 2928 patent.
632 2857 696 2929 Sup.
740 2869 796 2910 not.
808 2855 842 2910 ad
853 2876 920 2911 vera.
937 2863 982 2928 47.

187 2956 215 2992 v.
232 2941 267 3002 46
285 2955 293 2991 ε
312 2963 324 2985 ι
339 2937 395 2991 Nec
410 2938 471 2991 satia
491 2951 568 2991 terras
588 2950 696 3008 patent:
781 2941 846 3006 609.
865 2939 954 2990 Tertia
963 2941 1034 2990 sortis
1045 2939 1107 2990 locu.
1124 2937 1246 3004 Inleros,

189 3017 303 3088 Effregit
314 3035 377 3070 ecce
390 3017 473 3071 limen
485 3017 582 3070 inferni
594 3017 694 3069 lovis.»
741 3027 838 3088 utaup.
848 3035 875 3069 ν.
886 3018 941 3088 599
954 3015 989 3069 de
996 3017 1248 3087 Neptuno‚secundo

190 3095 339 3150 Commoda
351 3095 386 3150 ad
398 3096 470 3150 hune
479 3097 571 3162 ¹locum
586 3114 698 3168 sequeu-
741 3100 818 3147 maria
827 3099 868 3166 qni
882 3107 975 3166 sceptro
984 3099 1056 3166 regis.
1072 3093 1198 3166 Apollod.
1211 3098 1246 3158 1,

191 3177 227 3230 tia
242 3171 350 3230 Senecas
364 3176 515 3230 Gronovius
528 3176 651 3246 collegit:
664 3173 698 3228 de
744 3195 757 3226 a
772 3193 779 3228 :
793 3176 867 3228 Αὐτοὶ
877 3172 908 3228 δὲ
928 3171 1115 3244 διακληροῦνται
1132 3173 1188 3246 mpl
1204 3183 1249 3238 τῆς

190 3257 327 3328 tranquill.
344 3256 444 3320 animi,
459 3276 475 3325 9
488 3255 606 3308 :similla
619 3251 698 3327 (par·
742 3255 831 3324 ἀρχῆς·
845 3253 886 3306 καὶ
901 3256 1017 3326 λαγχάνοι
1031 3255 1090 3315 Ζιὺς
1104 3255 1148 3325 μὲν
1163 3256 1206 3312 τὴν
1222 3258 1245 3309 ἐν

191 3333 337 3400 simonia),
352 3355 395 3388 nec
416 3337 471 3388 ulla
488 3355 543 3406 opes
559 3333 696 3405 sufficiant,
742 3337 833 3404 οὐρανῷ
842 3329 1004 3400 uincentes,
1017 3330 1145 3387 Ποσιιδῶν
1160 3330 1190 3388 δί
1203 3335 1247 3392 τὴν

192 3435 235 3467 naa
247 3417 303 3467 ulta
312 3435 360 3467 mn
370 3419 429 3468 satis
437 3427 530 3486 patent.
542 3415 626 3486 Epist.
642 3415 675 3468 23
690 3435 696 3465 :
743 3415 766 3466 ἰν
780 3413 891 3483 θαλάσσῃ
900 3450 906 3470 .
921 3416 1035 3466 Πλούτων
1047 3409 1077 3466 ll
1090 3413 1134 3470 τὴν
1151 3415 1174 3467 ἰν
1188 3409 1248 3483 ᾅδῃ.

191 3495 346 3568 Ηοοᾶιφιω
358 3495 701 3567 quwr,adquodtecoror
742 3492 823 3546 ovid.
844 3493 913 3547 Fast.
932 3492 982 3558 lv,
998 3493 1075 3558 584,
1095 3492 1129 3545 de
1142 3493 1250 3549 Proser·

189 3575 332 3645 perducem,
345 3575 447 3627 solidum
462 3586 515 3638 est,
530 3573 630 3646 etquod
644 3576 700 3645 plas
743 3573 824 3643 pina:
849 3599 860 3620 ι
878 3574 968 3644 Nupta
981 3574 1056 3626 Jovis
1077 3573 1153 3626 fratri
1174 3576 1251 3630 tertia

189 3666 278 3724 pareat
292 3659 415 3708 introrsus.
432 3657 471 3708 De
485 3655 581 3708 brevit.
596 3653 644 3706 vit.
662 3673 674 3706 r
691 3671 697 3706 :
742 3671 822 3723 regna
832 3665 930 3706 tenet.»
940 3651 1004 3706 Vid.
1020 3665 1047 3707 et
1056 3653 1144 3726 locum
1156 3654 1184 3707 in
1196 3673 1250 3728 seq.

193 3734 270 3786 AEtas
285 3746 366 3786 nostra
382 3735 438 3786 bene
452 3735 587 3805 disponenti
602 3735 699 3786 multum
743 3745 799 3786 not.
816 3733 926 3785 citatum
939 3732 1019 3786 ovid.
1035 3733 1104 3786 Fast.
1119 3735 1169 3803 IV,
1185 3735 1252 3805 597.

188 3826 265 3883 pater.
274 3813 316 3866 nd
326 3815 409 3867 Marc.
421 3815 543 3877 sltSclss
550 3813 646 3866 multam
652 3833 700 3883 pa·
785 3817 851 3866 διο.
862 3813 947 3865 Noctis
960 3825 1056 3865 oeternoe
1068 3813 1148 3866 cleros.
1163 3815 1252 3885 Vulgo

193 3893 698 3966 castrehantam,eaeqrronilrilperdidisti.
745 3892 874 3962 accipitur
887 3893 958 3945 chaos
974 3912 1023 3964 pro
1037 3892 1086 3946 hac
1103 3893 1211 3946 insumi
1225 3908 1252 3947 et

234 3977 298 4043 607.
316 3974 405 4042 Ignota
427 3973 525 4026 Plroebo.
542 3971 700 4043 Euripides,
745 3972 853 4024 confusa
878 3972 934 4026 caeli
967 3985 994 4026 et
1023 3974 1252 4040 terrcrnateria,

192 4053 270 4106 llere.
294 4053 347 4105 lar.
371 4057 448 4123 607:
469 4054 650 4107 ...Asnaus
676 4053 701 4115 l}
745 4051 851 4123 qualern
870 4051 946 4104 initio
965 4052 1045 4106 luisse
1065 4049 1254 4118 tradiderunt,

193 4133 294 4188 tantm
311 4140 404 4203 μυχῶν.
422 4159 432 4180 ι
450 4135 562 4186 Desertor
573 4133 654 4204 polin.
668 4130 702 4184 Id
746 4131 899 4202 priusquam
914 4151 1032 4185 summus
1051 4150 1141 4184 rerum
1155 4135 1252 4193 arbiter

194 4225 248 4278 est,
258 4213 415 4268 antarcticus
427 4213 510 4285 polus.
523 4215 584 4268 Duo
596 4213 701 4282 fragon·
746 4223 839 4266 cuncta
855 4211 883 4264 in
901 4211 1015 4282 singalas
1030 4212 1129 4282 species
1143 4211 1254 4268 lorinus·
