3090 5142
411 545 550 614 NOVI
573 547 837 614 EDITOIlIS.
1101 542 1159 609 xix

82 685 279 768 neumare,
312 685 353 751 iu
380 681 598 778 religionem
628 681 736 753 ducta
765 681 921 752 nominis
945 682 1159 763 reverentia,

83 804 181 902 quasi
195 801 306 874 nefas
320 817 416 874 esset
427 807 632 892 Gronovi0,
650 820 752 876 tanto
765 806 860 891 vire,
879 799 1067 873 adversari.
1081 805 1158 872 Hoc

84 925 327 1000 Schroederus
349 941 523 1023 expertus
543 942 617 998 est:
641 951 800 1024 namque
823 951 844 996 a
866 926 988 996 Cortio
1010 923 1107 993 olim.
1122 935 1159 994 et

84 1047 257 1120 Duckero
283 1049 506 1146 exagitatus,
531 1047 631 1147 quod
654 1053 777 1120 omnin
803 1073 884 1146 quae
914 1045 1058 1120 deserat
1078 1051 1160 1116 Ma·

84 1181 191 1271 guter
213 1193 288 1268 pro
308 1174 398 1243 ratis
415 1197 490 1242 non
508 1171 677 1244 habuerit
697 1171 896 1270 (quamvis,
922 1190 1160 1266 quaecumque

87 1297 123 1364 in
150 1293 320 1365 editione
349 1318 414 1364 sua
443 1293 696 1392 tragoediarum
727 1294 868 1391 (1728)
902 1291 948 1364 de
976 1290 1160 1361 nonnullis

89 1417 265 1487 Gronovii
287 1416 605 1488 emendationibus
624 1416 848 1505 disseruerit,
867 1441 944 1486 non
966 1415 1161 1512 quicquam

90 1542 320 1612 Gronoviani
347 1554 467 1612 textus
491 1541 725 1636 mutaverit),
751 1541 942 1610 novissime
966 1537 1161 1608 aBadeuio

89 1663 311 1758 objurgatus
332 1674 406 1750 est,
432 1661 714 1760 Hamburgensis
734 1662 845 1733 critici
872 1673 907 1731 et
928 1657 1060 1744 codicis
1084 1656 1162 1728 Flo-

91 1786 223 1855 rentini
243 1782 346 1854 ultra
364 1781 515 1854 modum
532 1781 683 1856 fautore.
704 1789 748 1855 Et
771 1809 848 1872 me,
866 1780 1067 1854 Schroederi
1089 1781 1164 1849 imi-

93 1921 261 1992 tatorem,
285 1921 460 2002 carpant,
481 1908 546 2003 qui
571 1907 647 2004 ejus
665 1905 848 1978 audaciam
867 1909 1109 1988 insectantur;
1133 1903 1161 1971 si

95 2027 207 2100 audax
214 2029 304 2122 jure
319 2027 495 2128 appeller,
510 2029 610 2130 quod
620 2031 771 2102 aliorum
780 2025 966 2100 audaciam
982 2023 1162 2098 noluerim

98 2153 241 2240 imitari3
257 2149 364 2248 quod
389 2151 560 2224 lectiones
576 2154 757 2250 antiquas,
779 2166 914 2226 temere
938 2163 976 2224 et
992 2143 1162 2222 ,mumudi

99 2277 279 2372 prurigine
310 2273 512 2371 ablegatas,
535 2275 755 2372 quandoque
785 2272 1037 2371 reposuerim
1062 2266 1162 2366 quod

99 2393 314 2491 plerumque
331 2396 567 2488 conjecturis,
578 2412 657 2468 tum
670 2397 841 2482 aliorum,
857 2410 935 2465 tum
951 2394 1041 2464 meis
1054 2390 1162 2462 absti-

99 2516 252 2598 nuerim,
273 2529 418 2586 textum
433 2541 559 2588 verum
575 2519 707 2616 potius,
718 2543 826 2615 quam
846 2540 986 2602 meum,
1003 2513 1162 2585 daturus.

100 2639 145 2706 lta
162 2637 262 2706 enim
282 2636 377 2708 mihi
395 2639 555 2727 videtur;
570 2643 609 2711 in
627 2640 698 2711 hoc
712 2655 838 2711 nostro
845 2644 1016 2710 Veterum
1034 2637 1164 2734 scripta

100 2758 383 2854 recognoscendi
405 2759 547 2850 labore,
566 2787 714 2860 perraro
736 2761 847 2834 habet
864 2758 916 2832 vis
933 2760 1067 2857 ingenii
1088 2784 1163 2855 quo

100 2880 374 2978 exsplendescat
389 2909 397 2951 ε
415 2881 551 2978 judicio
573 2887 694 2982 potius
720 2897 755 2954 et
774 2906 878 2965 cura,
897 2905 1005 2978 quam
1028 2903 1163 2950 novum

101 3003 227 3100 aliquid
260 3004 492 3104 excogitandi
523 3006 667 3078 solertia
693 3031 786 3105 opus
818 3021 884 3078 est.
908 3007 1046 3076 Intacta
1076 3003 1166 3073 anti-

102 3152 173 3222 quae
190 3129 281 3198 artis
301 3144 544 3200 monumenta
561 3153 722 3217 servare,
739 3145 795 3216 et,
811 3131 841 3200 si
857 3128 1030 3225 temporis
1049 3126 1165 3222 spatio

101 3249 326 3322 subobscura
363 3249 575 3338 videantur,
605 3251 913 3350 interpretationis
943 3251 1023 3320 luce
1056 3247 1166 3319 collu-

100 3387 224 3460 strare,
257 3398 304 3444 ea
337 3373 417 3444 sola
441 3389 571 3446 nostrae
597 3399 717 3472 operae
741 3374 893 3458 utilitas,
923 3385 981 3459 et,
1004 3373 1042 3441 in
1075 3370 1167 3441 utili-

102 3511 184 3584 tate,
211 3497 346 3594 gloria.

139 3623 264 3692 Unum
289 3622 518 3717 rogaverim,
546 3622 575 3692 si
605 3622 669 3719 qui
696 3621 784 3707 sint,
811 3633 852 3690 ut
877 3631 1004 3706 erunt,
1031 3616 1165 3714 quibus

98 3743 163 3815 hec
179 3744 417 3816 recensionis
437 3746 528 3816 ratio
547 3745 665 3815 minus
678 3742 872 3842 probetur3
890 3765 948 3812 me
968 3738 1167 3836 quodcum·

96 3893 160 3964 que
176 3891 288 3938 secus
306 3866 499 3938 admisisse
513 3868 733 3954 existiment,
750 3891 825 3936 non
844 3865 982 3936 incuria
997 3862 1121 3934 saltem
1134 3876 1170 3932 et

94 3989 408 4063 inconsiderantia
425 3988 563 4085 lapsum
581 3987 812 4060 arbitrentur.

839 4115 867 4180 J.
888 4111 1093 4180 PIERROT.
