3090 5142
542 481 856 560 mssERTATtO.
1107 487 1225 581 xxxvij
1252 572 1254 578 Ι

161 621 244 684 Huic
258 639 339 684 reru
356 641 399 683 ne
418 639 571 685 sermone
589 620 721 708 quidem
739 619 845 701 cedit,
861 641 903 682 ne
921 618 1001 706 quid
1019 619 1155 707 amplius
1172 618 1229 682 nd·

158 867 254 928 quarto
265 853 376 908 demum
389 867 452 928 poet
461 873 546 918 anno,
558 854 641 906 latum
654 871 733 907 auum
745 865 771 906 et
786 853 962 907 calamitatem
976 853 1115 926 deplorat?
1132 866 1230 909 mater·

159 963 223 996 num
249 943 427 995 concubitum
450 939 617 996 detestatur?
647 942 689 993 An
714 940 767 995 hoc
788 941 827 993 illi
848 954 904 994 tum
928 943 1042 1013 primum
1066 943 1095 996 in
1116 955 1230 995 mentem

160 1029 302 1084 veniebat?
323 1029 398 1084 Vide
420 1040 509 1084 nutem
536 1029 735 1104 simplicitatem
761 1029 886 1102 magistri.
907 1033 967 1103 lpae
989 1051 1018 1086 ae
1040 1031 1138 1110 prodit.
1161 1031 1229 1086 Nam

161 1121 268 1174 dumeta
286 1117 345 1173 heo
358 1117 438 1184 dicit,

535 1263 624 1312 Btuute
639 1272 677 1310 ter
688 1261 772 1328 poenit
781 1263 864 1324 niteo,

303 1347 478 1408 uncertainn
493 1346 554 1396 falce
566 1346 686 1396 decubuit
699 1347 787 1409 Cerea,

304 1433 339 1480 Ut
351 1431 421 1480 maol
433 1441 497 1480 errat
509 1443 594 1491 utne,
608 1441 634 1480 et
645 1433 722 1495 petrin
735 1441 815 1490 earet,

303 1514 475 1580 Prolugueque
485 1530 570 1578 regum
582 1514 672 1564 auxilia
684 1515 813 1564 Graiorum
823 1524 902 1580 rogat.

1181 1173 1193 1214 l

156 1685 235 1739 Adde
247 1685 291 1740 laia
304 1704 421 1751 annum,
439 1704 494 1758 qno
507 1703 619 1758 regnare
637 1683 756 1738 Eteoclea
772 1684 853 1756 cupit
871 1686 937 1754 (non
957 1685 1027 1738 enim
1045 1687 1120 1757 priua
1132 1706 1224 1760 regum

157 1775 305 1846 implorare
317 1773 446 1828 auxilium
460 1773 559 1845 potuit)
579 1771 786 1844 quadriennium
808 1771 931 1826 efficitur.
952 1775 1007 1826 Aut
1018 1775 1041 1827 ei
1051 1793 1137 1828 annua
1152 1777 1229 1850 Poly.

157 1863 225 1915 nicie
235 1863 378 1935 pnceeeit,
387 1861 603 1934 quinquennium
613 1861 733 1914 habebit.
743 1860 849 1914 Jocaetu
860 1859 959 1914 interea
971 1880 1038 1914 uxor
1049 1875 1088 1917 eat
1099 1863 1227 1936 ejusdem,

157 1955 235 2015 cnjus
253 1962 281 2003 et
292 1961 386 2004 mater.
398 1950 492 2020 Neque
505 1949 534 2001 in
548 1946 710 2002 exsecrando
725 1947 777 2001 hoe
797 1946 851 1999 lato
862 1945 1010 2020 quidquem
1023 1948 1157 2022 deplorat,
1177 1952 1226 2006 nini

157 2038 231 2110 quod
244 2039 351 2093 boetem
364 2037 469 2091 anuuit.

306 2203 420 2220 .......
434 2171 484 2219 hoc
496 2169 549 2218 lere
562 2167 598 2218 aet
610 2167 681 2234 quod
690 2185 744 2218 eum
755 2181 862 2232 noeent3
892 2187 897 2194 ·

301 2254 358 2302 Feci
370 2265 487 2304 nocentes
496 2271 503 2304 :
512 2255 562 2309 lton
573 2269 672 2318 qnoque
682 2253 814 2303 etiamnum
826 2264 862 2304 eat
871 2255 934 2312 leve;

301 2339 387 2404 Peperi
398 2349 515 2387 nocentes
525 2354 532 2386 ε
550 2338 632 2386 deerat
646 2338 761 2386 aerumnis
771 2337 831 2384 maia

301 2423 338 2470 Ut
349 2433 373 2471 et
382 2422 478 2472 hortem
490 2437 602 2470 omrem.

157 2580 245 2654 ldqne
261 2590 323 2654 poet
338 2592 424 2636 tautae
441 2580 544 2653 OEdipi
563 2573 690 2640 deterioria.
710 2574 786 2633 Adeo
799 2578 827 2632 in
847 2579 899 2633 into
912 2596 974 2632 casu
986 2597 1029 2632 ree
1046 2579 1071 2632 ei
1085 2571 1175 2640 rediit,
1196 2593 1224 2636 ut

157 2667 471 2724 accenderentur
491 2668 598 2734 videet,
619 2677 720 2740 quanto
743 2686 771 2722 re
791 2667 950 2740 prudentius
968 2667 1042 2740 apud
1065 2663 1224 2742 Sophoclem

157 2757 304 2832 suspendat
317 2777 395 2830 quam
410 2759 454 2813 hic
467 2759 606 2813 declamat.
626 2757 678 2811 Sed
692 2757 745 2810 hoc
764 2757 825 2810 solu
847 2743 983 2831 Euripidis
994 2749 1133 2813 Phoenicem
1146 2781 1224 2818 extu·

156 2867 214 2902 sere
223 2859 352 2920 puerunt,
365 2845 412 2899 nbi
425 2861 451 2901 et
463 2847 597 2919 προλογΐζιι
610 2858 636 2899 et
649 2863 742 2899 eecure
757 2844 843 2898 multa
855 2845 904 2898 alia
918 2845 993 2898 dicit.
1010 2847 1104 2913 Qualia
1117 2849 1220 2904 infinita

156 2949 218 2990 eunt
231 2938 258 2990 in
270 2937 316 2990 illo
324 2949 443 2990 auctore.
454 2936 649 3006 Allectuequoa
658 2933 793 3005 precipue
806 2934 941 3001 tractarit,
954 2937 1117 2990 aetitentiole
1129 2956 1224 2994 cousu-

157 3037 244 3080 mnnt.
253 3024 360 3078 Periodi
374 3041 576 3096 nonnumquam
590 3034 615 3076 et
629 3021 762 3076 sententie
774 3040 829 3075 uon
846 3022 924 3093 plane
936 3021 1066 3087 infelices,
1084 3025 1111 3076 in
1124 3040 1224 3097 punctu

156 3126 329 3169 uanescunt.
345 3103 438 3166 Sermo
451 3111 517 3165 nihil
533 3111 567 3165 ad
578 3111 706 3176 Lucium,
725 3121 751 3164 et
760 3129 841 3184 quem
850 3108 981 3173 Troada,
991 3111 1097 3174 Medea,
1117 3113 1222 3186 Hippo·

157 3206 228 3276 lytne
240 3213 437 3275 representem.
457 3199 517 3253 Viri
532 3199 643 3263 cummi,
664 3198 711 3271 qui
729 3202 762 3251 ad
776 3216 861 3253 urum
875 3198 983 3268 Auguui
998 3201 1135 3264 referunt,
1155 3203 1222 3256 nihil

156 3302 254 3366 preter
275 3285 460 3343 auctoritatem
480 3305 556 3340 suurn
575 3286 654 3340 nobit
672 3297 821 3357 opponunt.
845 3285 913 3338 Nam
930 3283 1062 3356 judicium
1083 3306 1174 3342 eorum
1193 3303 1222 3344 ut

155 3395 312 3452 sequamur,
325 3393 379 3428 non
394 3387 433 3428 eet
446 3371 640 3427 metuendumt
660 3389 748 3442 neque
771 3370 841 3424 euim
865 3388 973 3441 proraue
995 3373 1068 3426 omui
1090 3393 1221 3432 caremus.

154 3470 289 3522 Caterum
313 3476 343 3518 nt
362 3462 504 3536 AEeohylur
526 3474 553 3517 et
578 3460 721 3533 Sophoclea
741 3458 932 3531 Pythagoricos
950 3461 1051 3533 ubique
1069 3463 1124 3517 lere
1140 3468 1221 3536 proli·

154 3567 247 3610 tantur
259 3555 315 3608 :ita
327 3552 417 3606 rideat
426 3550 614 3606 declamatores
625 3549 687 3602 ictoe
697 3567 712 3602 e
721 3547 833 3602 decretis
845 3547 995 3603 Stoicorum
1007 3550 1104 3606 ducere
1112 3553 1222 3608 colores.

153 3643 231 3697 Talia
247 3643 292 3695 hio
310 3641 394 3694 multa
417 3651 486 3692 sunt.
506 3638 580 3693 Sicut
599 3636 665 3692 illud
685 3638 836 3690 animorum
855 3647 881 3690 et
898 3636 950 3692 illis
971 3639 1102 3708 solemne,
1119 3644 1221 3715 quoties

154 3731 256 3804 ingenti
269 3749 318 3783 ore
333 3729 501 3792 libertatem,
521 3738 546 3780 et
559 3739 588 3780 ut
602 3726 689 3780 Greci
708 3725 820 3793 melius,
838 3728 867 3780 τὸ
886 3726 1099 3800 ἀπαριμπόδιστιν
1118 3731 1160 3785 eui
1180 3750 1222 3787 eu·

152 3819 249 3892 pientie
259 3815 466 3878 commendant,
484 3815 558 3890 quod
570 3814 614 3868 hic
626 3815 661 3868 ab
671 3815 804 3886 Antigone
814 3812 920 3880 dicitur,

296 3977 328 4024 lit
341 3975 392 4023 hoc
407 3974 482 4037 magia
495 3983 519 4021 te
533 3973 627 4037 genitor
639 3972 760 4020 ineuntem
774 3985 850 4030 voca,

294 4059 372 4122 Quod
383 4058 501 4107 innocent
511 4071 537 4104 ee
548 4055 594 4104 dila
606 4069 703 4119 quoque
713 4053 804 4102 invitia.
819 4054 824 4065 “
