3090 5142
13 3823 15 3940 i

87 567 1155 606 mmmmm-enmmmmmmmmm

160 769 505 858 PRAEFATIO
538 772 710 861 NOVI
739 775 1079 866 EDITORIS.

97 1124 234 1276 Quum
259 1173 306 1243 ad
332 1172 406 1243 hoc
429 1171 645 1269 exigendum
672 1173 901 1248 Bibliothecae
924 1181 1059 1248 Latinae
1080 1203 1159 1250 mo·

97 1311 327 1384 numentum,
346 1297 727 1394 quantulumcumque
746 1288 953 1370 adminiculi
971 1300 1160 1391 allaturus,

98 1419 278 1515 quondam
304 1421 457 1506 accessi,
478 1445 554 1517 quo
578 1435 701 1492 nostra
720 1421 851 1520 Gallia,
871 1437 1027 1494 externae
1039 1424 1161 1522 plu'lo·

100 1539 200 1635 logice
227 1540 371 1611 dudum
401 1544 627 1638 mancipata,
654 1541 700 1613 ab
726 1543 977 1617 erubescendo
998 1546 1162 1643 vectigali

101 1689 172 1735 sese
190 1663 418 1734 vindicatura
434 1663 581 1735 tandem
601 1663 797 1762 aliquando
815 1665 1015 1755 videbatur,
1030 1683 1162 1765 tragoe-

102 1787 171 1858 dias
185 1793 329 1860 Senecae
347 1785 524 1882 (tertiam,
539 1811 604 1884 pro
623 1787 801 1860 divisione
816 1813 896 1884 quae
914 1791 1075 1861 instituta
1092 1791 1173 1878 est,¹

103 1914 258 1982 omnium
276 1936 359 2008 quae
375 1909 445 1981 sub
461 1911 573 2008 ipsius
593 1911 742 1981 nomine
757 1910 1062 1982 circumferuntur
1077 1937 1163 2012 ope·

103 2059 175 2105 rum
193 2048 351 2132 partem)
372 2058 416 2105 ex
432 2037 578 2128 ,integro
598 2033 837 2105 recensendas
855 2048 892 2104 et
908 2049 1083 2132 perpetua
1101 2061 1164 2108 an·

106 2157 283 2227 notatione
296 2154 633 2232 illustrandas-ultro
645 2154 837 2253 libensque
855 2161 1015 2255 suscepi;
1032 2181 1108 2230 non
1121 2177 1163 2232 ut

106 2304 177 2376 quae
193 2283 290 2349 inter
308 2279 487 2376 praecipua
506 2282 661 2375 antiquae
680 2283 764 2350 artis
780 2280 949 2352 miracula
973 2306 1164 2356 numeren-

109 2416 168 2488 tur,
181 2416 242 2472 aut
261 2426 329 2499 per
345 2424 384 2471 se
400 2399 517 2498 dignae
535 2402 625 2486 sint,
640 2401 773 2498 quibus
791 2404 991 2476 scrutandis
1007 2407 1163 2478 multum

107 2525 205 2594 studii
220 2539 256 2594 et
272 2547 392 2621 operae
408 2521 618 2611 exsudetur,
637 2524 699 2595 sed
714 2522 807 2595 forte
826 2539 914 2597 tunc
932 2531 1104 2626 temporis
1120 2530 1163 2600 iis

107 2651 324 2746 potissimum
341 2647 590 2746 expendendis
606 2649 784 2734 intentus,
797 2674 878 2745 quae
898 2648 1162 2724 ad'dramaticae

105 2774 181 2844 artis
199 2772 389 2843 historiam
411 2774 653 2868 pertinerent,
675 2794 750 2840 non
766 2795 786 2840 a
803 2771 954 2842 consilio
974 2797 1057 2843 meo
1080 2773 1162 2846 alie-

105 2921 185 2966 num
205 2893 424 2977 existimavi,
448 2893 478 2962 si
499 2891 599 2963 hunc
624 2896 836 2989 scriptorem
858 2892 1058 2964 evolverem
1081 2919 1163 2994 per-

107 3042 384 3114 nosceremque,
406 3017 542 3111 inquo
565 3017 686 3085 omnia
706 3016 940 3086 continentur
962 3015 1078 3087 latinae
1094 3032 1163 3090 tra·

106 3141 222 3239 goediae
245 3140 463 3237 specimina,
488 3151 525 3207 et
553 3137 617 3233 qui
645 3139 740 3207 inter
766 3139 922 3234 antiqnae
951 3140 1095 3208 Graeciae
1121 3164 1162 3210 ac
1233 3162 1236 3168 ·

105 3267 309 3337 recentioris
323 3264 388 3333 aevi
401 3263 555 3358 tragicos
572 3258 712 3332 medius
727 3274 763 3330 et
782 3263 882 3356 quasi
899 3261 1162 3349 conterminus,

107 3405 275 3484 utrosque
295 3387 501 3458 imitatione
520 3398 581 3455 aut
603 3383 726 3454 saltem
747 3397 1043 3479 argumentorum
1067 3387 1163 3456 simi-

105 3511 251 3584 litudine
268 3509 459 3608 contingit.
475 3511 549 3579 Neo
564 3505 790 3606 spernendus
808 3505 956 3575 omuino
973 3509 1050 3602 ipse
1066 3506 1164 3578 vide·

106 3636 228 3708 batur:
251 3633 336 3705 licet
360 3633 459 3704 enim
482 3629 673 3728 tragoedias
695 3654 775 3702 suas
794 3653 903 3728 prave
920 3633 1162 3719 contexuerit,

106 3759 267 3832 dramatis
280 3755 384 3827 rudis
397 3752 544 3843 artifex,
561 3754 645 3827 licet
662 3759 907 3826 Romanorum
919 3757 1040 3849 potius
1052 3779 1162 3850 quam

105 3889 311 3956 Graecorum
337 3903 460 3952 mores
485 3883 523 3950 in
545 3876 676 3950 fabulis
704 3904 747 3951 ex
772 3878 919 3949 historia
946 3881 1067 3950 Graeca
1096 3879 1159 3951 de·

102 4007 249 4106 sumptis
271 4003 493 4100 plerumque
516 3999 716 4089 effinxerit,
741 4001 841 4080 licet,
861 4005 897 4070 in
920 3999 1161 4096 exprimendis

99 4126 303 4208 affectibus,
327 4123 455 4222 frigida
472 4140 507 4195 et
522 4123 772 4197 declamatoria
787 4120 1063 4220 amplificatione
1080 4147 1160 4194 eva-

185 4243 216 4308 Ι.
244 4251 484 4318 Sem-paritario.
1019 4259 1043 4301 α
