3090 5142
362 527 428 594 DE
453 526 620 598 ANNAEO
642 528 838 615 SENECA,
856 539 924 598 etc.
1105 529 1185 622 xlvij

119 647 201 712 Dan.
226 644 402 728 licinsirn,
425 667 512 735 qnos
535 645 653 714 deinde
676 669 751 714 curn
770 649 935 738 lessingio
959 653 1089 739 sequuti
1111 670 1189 716 sunt

119 752 317 818 recentiores
328 752 531 842 antiquitatis
545 752 747 845 elegantioris
760 755 902 838 judices,
918 757 980 834 sic,
996 772 1035 821 ut
1045 757 1188 822 Eschen·

119 857 258 948 hnrgim
273 859 373 924 etiam
394 859 584 948 simpliciter
598 859 791 943 affirmaret,
809 864 1010 926 centisimus
1031 862 1090 928 dcc
1108 887 1190 947 esre,

119 985 191 1028 non
205 985 321 1030 omnes
340 964 529 1053 tragoedias,
551 965 671 1053 quibus
691 967 823 1032 Senecae
840 988 961 1032 nomen
982 967 1190 1050 inscribatur,
1263 1039 1265 1044 ,

118 1068 162 1134 ab
179 1068 298 1136 eodem
317 1089 453 1138 auctore
470 1072 605 1138 venisse.
629 1070 791 1160 Equidem
812 1073 846 1138 in
868 1089 1022 1139 contextu
1039 1075 1188 1163 opusculi

120 1197 139 1238 a
153 1195 208 1240 rne
223 1197 332 1264 nuper
342 1175 422 1242 editi
438 1177 548 1242 multis
561 1176 604 1242 de
619 1176 680 1242 hac
695 1199 888 1265 requerere
902 1179 1008 1260 nolui,
1021 1197 1188 1268 propterea

121 1279 210 1368 qnod
225 1282 324 1346 nulle
336 1281 446 1348 adhuc
459 1284 598 1348 rationes
614 1282 769 1348 iuterim
782 1283 884 1348 allatas
897 1299 976 1348 sunt
990 1284 1031 1348 ab
1048 1281 1117 1368 bis,
1133 1287 1190 1374 qui

121 1407 203 1473 opus
226 1385 311 1452 illud
333 1384 580 1476 tragoediarum,
606 1387 698 1476 quod
723 1387 755 1452 in
781 1387 933 1454 omnibus
955 1389 1045 1453 libris
1064 1390 1190 1479 scriptis

123 1489 135 1574 (
142 1505 259 1578 prater
267 1513 375 1558 unum
387 1490 535 1558 codicem
548 1492 773 1558 Florentinum
783 1540 792 1575 ,
802 1493 836 1558 in
848 1515 917 1582 quo
930 1493 1021 1558 deest
1030 1495 1190 1582 muria),

120 1596 286 1686 integrum
304 1617 432 1685 semper
447 1597 620 1686 reperitur,
642 1597 829 1664 auctor-ibus
846 1599 957 1662 multis
977 1598 1188 1682 distribuere,

121 1724 158 1766 ac
174 1701 321 1791 singulas
338 1701 482 1786 fabulas,
504 1723 565 1791 pro
584 1701 714 1768 diverso
732 1703 890 1790 cujusque
906 1725 1003 1768 sensu
1018 1721 1052 1769 et
1065 1704 1189 1786 judicio

121 1809 153 1872 in
171 1806 380 1874 observem
398 1831 510 1874 earum
528 1807 791 1875 dissimilitudine
808 1807 931 1897 aliqua,
949 1809 1049 1874 modo
1067 1811 1190 1876 rbetori

120 1913 248 1990 Marco,
268 1911 370 1979 ruodo
386 1913 583 2002 philosopho
598 1913 745 1994 ejusdem
761 1912 845 1995 filio,
862 1913 962 1985 modo
976 1915 1097 2005 ignotis
1115 1917 1189 2004 qui·

121 2018 259 2084 brudm
282 2019 388 2108 poetis
409 2017 577 2108 adsignare
596 2019 779 2084 voluerunt.
798 2020 902 2086 Finita
919 2035 1028 2085 autem
1046 2021 1189 2087 editione

121 2125 268 2204 Senecae,
279 2145 381 2212 qnam
393 2145 485 2188 more
496 2146 583 2190 novo
597 2125 629 2190 in
644 2124 812 2213 publicum
823 2125 932 2206 emisi,
947 2145 1050 2213 quum
1063 2129 1189 2192 occasio

122 2229 200 2294 mibi
217 2229 398 2295 arteman
416 2228 645 2295 conscribendi
665 2229 765 2296 libelli
782 2229 899 2309 hujus,
915 2229 995 2296 illud
1014 2254 1187 2322 argumen-

123 2351 209 2416 tum,
223 2336 260 2400 ia
277 2357 347 2422 quo
363 2335 458 2400 multi
473 2335 533 2399 riri
545 2333 635 2400 docti
645 2336 712 2416 iem
726 2334 933 2410 ubemur,
952 2335 1063 2401 denuo
1078 2341 1187 2425 paucis

121 2439 381 2506 rectractandum
399 2441 479 2506 milii
501 2441 634 2530 sumpsi.

161 2547 298 2614 Veteres
313 2544 448 2635 quidem
464 2548 592 2612 criticos
607 2569 722 2635 parurn
738 2547 893 2612 sollicitos
906 2548 1005 2613 irrisae
1019 2549 1052 2612 in
1071 2548 1186 2616 distin·
1325 2547 1329 2560 '

118 2651 257 2742 guendis
271 2651 463 2718 nominibus
479 2652 652 2718 hominum
666 2651 855 2734 doctorum,
867 2651 1006 2718 vidimus
1015 2653 1080 2734 jam
1094 2655 1186 2738 inde,

118 2758 209 2846 quod
224 2759 428 2847 prenomine
441 2758 541 2824 lllarci
554 2773 588 2822 et
603 2757 694 2823 Lucii
710 2758 743 2822 in
761 2759 889 2822 Annaeis
906 2757 1053 2842 duobus,
1070 2760 1186 2826 seculo

117 2863 226 2928 adbuc
243 2865 342 2946 xvi,
360 2887 379 2929 a
397 2863 593 2953 quibusdam
611 2865 705 2952 plane
728 2865 869 2952 neglecta
891 2881 978 2930 sunt.
999 2863 1081 2930 lnde
1099 2866 1185 2931 band

118 2969 218 3034 dubie
240 2970 365 3034 iactum
382 2984 449 3048 est,
473 2985 511 3034 ut
525 2969 764 3062 et'Petrarchn,
785 2969 865 3035 durn
882 2990 1094 3037 monumenta
1110 2974 1185 3060 pbi-

118 3074 276 3164 lcscphier
298 3075 415 3140 veteris
442 3074 533 3139 etin
563 3076 673 3163 primis
699 3075 833 3157 Stoica,
857 3076 950 3156 cujus
976 3077 1090 3165 placita
1116 3079 1185 3166 ipse

118 3179 267 3264 recoluit,
275 3197 309 3246 et
318 3179 507 3246 hominibus
518 3183 619 3245 etatis
629 3203 695 3245 sue
705 3179 955 3261 commendavit,
963 3183 1184 3268 perquirebat,

118 3309 222 3375 quum
251 3286 397 3375 primum
423 3286 538 3351 Annaei
566 3287 695 3352 Senecae
720 3308 841 3350 nomen
870 3285 931 3350 illis
959 3285 989 3348 X
1022 3287 1184 3374 tragoediis

118 3392 313 3483 mscripurm
329 3391 518 3480 reperisset,
541 3393 651 3456 statim
673 3390 903 3480 philosophum
921 3391 1057 3456 Lucium
1073 3413 1184 3459 earum

117 3513 284 3562 euctooem
311 3511 519 3617 ‘agnosceret
551 3494 706 3578 Accedit,
735 3494 824 3584 quod
853 3494 907 3560 bic
937 3495 1182 3584 potissimumn

119 3601 336 3692 grammaticis
352 3601 517 3667 vetamus
535 3601 669 3666 nomine
689 3601 817 3666 Senecae
834 3601 1021 3690 simpliciter
1036 3601 1184 3670 nudatus

118 3710 168 3774 sit.
201 3709 318 3793 Quum
343 3707 443 3798 igitur
469 3707 597 3774 codices
626 3706 737 3796 scripti
767 3727 881 3773 omnes
911 3724 997 3772 certe
1022 3711 1182 3774 mnarum

116 3815 272 3880 δεηοωιιι
292 3813 410 3878 haruin
431 3813 613 3878 fabularum
636 3829 801 3878 auctorem
823 3811 984 3894 ‹licei-em,
1002 3829 1036 3878 et
1052 3816 1182 3902 plurimi

118 3934 240 3984 veteres
251 3918 474 4010 grammatici,
490 3933 529 3982 ut
545 3933 622 3982 sunt
632 3917 871 4001 Quintilianus,
882 3915 1027 3981 Valerius
1043 3918 1183 4002 Probus,

117 4023 350 4105 Terentianus,
368 4023 567 4105 Priscianus,
586 4024 656 4105 alii,
674 4045 714 4088 ex
732 4022 783 4086 his
799 4021 875 4111 ipsis
895 4020 1038 4102 eiusdem
1057 4024 1184 4090 Senecae

120 4129 276 4219 tragoediis
306 4129 456 4219 singulos
486 4129 581 4194 etiarn
612 4151 723 4194 versus
753 4127 959 4218 allegassent,
992 4131 1079 4194 nulla
1106 4133 1183 4196 oriri

1027 4241 1061 4304 (5⁴
