3090 5142
362 393 506 490 lxxxviij
625 396 875 468 HISTORICA
898 399 956 466 ET
980 397 1162 466 curuos

362 541 413 582 res
424 518 494 607 ipsa
506 513 636 580 taudem
646 532 804 599 narratur,
815 539 887 604 quae
898 515 965 580 sola
977 517 1099 586 narrari
1105 515 1272 582 debuerat.
1282 517 1432 584 Prolixus

360 625 439 687 item
450 623 579 704 Noster,
591 637 624 686 et
636 622 799 710 copiosus,
808 639 840 690 et
856 623 890 686 in
902 619 1062 686 horrificis
1076 621 1219 687 serendis
1235 623 1432 712 imaginibus

362 719 491 795 multus¹
502 745 567 812 est,
590 727 670 793 dum
689 729 809 795 cedem
827 730 939 811 refert,
963 729 1078 818 inqua
1095 730 1277 820 peragenda
1293 733 1432 816 Atreus,

360 837 539 924 exquisita,
564 851 602 900 ut
620 834 758 918 ridetur,
780 834 933 901 serviendi
947 836 1093 918 licentia,
1113 858 1280 901 sacrorum
1297 838 1382 902 ritus
1401 857 1434 904 et

346 942 511 1007 ordinem
530 958 645 1007 servat.
665 942 783 1006 Omnia
803 942 836 1004 in
859 964 969 1006 rerum
988 957 1104 1006 ustura
1125 959 1319 1026 moventur3
1344 945 1433 1008 solus
1457 983 1463 992 ·

363 1049 425 1113 sibi
444 1063 570 1113 constat
585 1047 742 1112 immotus
760 1049 889 1113 Atreus.
908 1047 1013 1111 Tarde
1031 1048 1237 1137 persequitur
1254 1050 1377 1132 scelus,
1395 1067 1433 1116 ut

363 1148 485 1213 diutius
509 1149 619 1213 lurore
645 1171 705 1244 suo
726 1148 862 1213 fruatur.
889 1148 951 1212 Hic
972 1171 1083 1213 rursus
1108 1149 1198 1213 Atrei
1222 1149 1326 1214 rabies
1349 1151 1435 1215 ultra

363 1254 499 1319 modum
523 1253 664 1342 gratuito
687 1233 882 1320 extenditur.
909 1253 1021 1336 Quum
1043 1253 1131 1318 enim
1153 1272 1288 1342 propter
1308 1273 1436 1322 veteres

364 1360 496 1441 injurias
512 1381 581 1424 sese
592 1357 755 1423 vindicare
771 1381 789 1423 a
802 1361 900 1424 fratre
914 1359 1011 1440 velit,
1030 1359 1106 1424 satis
1122 1376 1171 1424 est
1181 1360 1236 1424 irae
1250 1362 1390 1445 lactum,
1407 1363 1437 1426 si

363 1466 483 1532 liberos
495 1464 563 1543 ejus
576 1459 749 1528 occiderit:
765 1487 837 1551 quae
849 1479 1032 1552 sequuntur
1042 1485 1109 1528 non
1123 1465 1193 1554 ipss
1207 1487 1257 1530 res
1271 1467 1362 1550 tulit,
1376 1467 1436 1532 sed

366 1587 462 1660 poeta
476 1569 610 1632 minime
625 1567 784 1656 probabili
801 1567 1023 1632 additamento
1037 1567 1226 1658 subjunxit(
1247 1570 1271 1658 ).

409 1676 542 1740 Summa
555 1689 603 1738 est
619 1673 735 1760 quinto
749 1687 823 1736 actu
836 1673 949 1737 Nostri
963 1671 1138 1758 industria,
1156 1673 1323 1742 tremenda
1337 1699 1437 1742 exco-

365 1779 504 1870 gitantis.
513 1779 674 1843 Natorum
684 1774 876 1866 corporibus
886 1777 1035 1871 epulatus
1045 1775 1264 1878 est'l'hyestes,
1275 1783 1436 1848 etAtreus

365 1884 524 1950 nefarium
539 1884 663 1948 facinus
675 1882 736 1948 sibi
750 1884 929 1972 gratulatur
939 1880 997 1972 (a).
1015 1882 1116 1966 Quod
1132 1885 1282 1974 quidem,
1295 1889 1322 1952 si
1337 1889 1436 1954 talem

366 1989 501 2079 recipiat
522 1989 699 2076 nequitiam
724 1987 906 2052 humanum
930 2004 1062 2076 pectus,
1087 2006 1160 2078 apte
1184 2006 1217 2055 et
1238 1991 1270 2055 vi
1292 1993 1436 2080 quadam

367 2096 538 2184 AEschylea
561 2093 762 2182 exprimitur,
791 2094 852 2156 nisi
876 2093 967 2182 quod
990 2113 1114 2190 graecus
1138 2111 1234 2184 poeta
1258 2101 1436 2165 sententias

367 2200 553 2266 minutatim
563 2198 719 2287 explicare
733 2209 765 2261 et
775 2212 924 2263 contorte
938 2198 1045 2264 dicere
1057 2220 1124 2264 non
1139 2201 1229 2266 solet.
1245 2191 1436 2292 Ut'plenius

364 2439 395 2491 in
414 2435 555 2510 tragedia,
582 2435 669 2489 forsan
689 2433 718 2488 in
736 2433 851 2508 quadam
876 2433 1032 2510 iphigenia,
1049 2415 1232 2496 adumbrutsm
1256 2443 1436 2514 spectavisse,

368 2541 452 2600 quum
464 2523 562 2582 diceret
577 2524 620 2592 (ad
634 2523 831 2592 Pison.v.14)s

555 2645 657 2709 inceptis
669 2647 778 2708 gravibus
793 2648 931 2709 plerumque
946 2651 970 2694 εἰ
986 2663 1069 2712 magus
1080 2645 1203 2712 professis,

528 2740 535 2751 ·
554 2730 688 2788 Purpureus
704 2727 751 2774 lats
766 2727 808 2788 qni
823 2727 954 2789 splendent,
969 2743 1030 2774 uuus
1046 2731 1144 2776 status

553 2807 661 2855 suunt
678 2817 781 2868 pennum
795 2821 868 2870 quum
883 2808 950 2854 lucus
965 2818 991 2854 et
1004 2819 1044 2855 εει
1060 2809 1152 2865 Diana,

554 2887 583 2930 Es
595 2889 742 2946 properantis
753 2901 819 2948 squas
829 2903 872 2948 per
881 2901 983 2934 smoeuos
993 2888 1093 2936 ambitus
1104 2905 1183 2952 egros,

536 3012 539 3018 Δ
554 2963 601 3011 lut
615 2963 701 3012 flamen
715 2963 831 3022 Rhenum,
843 2975 884 3012 sut
899 2959 992 3028 pluvius
1007 2967 1147 3016 describitur
1160 2979 1234 3016 arcas.

403 3083 443 3153 (s)
460 3075 611 3134 Gratuitum
632 3093 658 3134 et
678 3077 735 3134 siue
760 3081 873 3136 utilitate
891 3085 975 3138 scelus
988 3081 1092 3138 odimus
1106 3081 1250 3155 increduli,
1269 3101 1298 3141 ut
1312 3085 1386 3163 quod
1402 3092 1441 3146 sit

370 3182 460 3226 contin
481 3185 581 3223 morem
599 3169 781 3244 ordinemque.
790 3165 895 3225 Tullius
905 3172 932 3225 in
947 3187 1012 3228 orat.
1023 3193 1072 3245 pro
1087 3171 1180 3230 lloscio
1192 3179 1334 3245 Amerino,
1349 3200 1373 3234 c.
1384 3183 1437 3236 30:

371 3261 424 3314 sb.
434 3254 556 3323 Cassius,
568 3259 611 3312 ille
620 3297 627 3321 ‚
637 3275 718 3332 quesn
732 3261 845 3332 populus
858 3271 982 3314 mmanus
995 3262 1159 3316 verissimum
1172 3277 1198 3319 et
1212 3267 1440 3340 sapientissimum

330 3341 336 3348 ’
367 3347 490 3419 judicum
502 3347 621 3418 putabet,
630 3345 775 3402 identidem
783 3347 812 3400 in
822 3348 909 3402 causis
918 3367 1037 3422 querere
1046 3351 1158 3416 solebat,
1167 3358 1210 3406 cus·
1220 3359 1281 3406 tom
1286 3358 1385 3424 fisse.
1394 3359 1443 3412 Sic

370 3435 426 3490 sits
436 3435 574 3492 bominum
584 3448 621 3490 est
631 3475 639 3502 ‚
651 3447 681 3490 ut
692 3436 726 3490 ud
737 3436 898 3492 maleficium
907 3457 986 3492 nemo
994 3453 1106 3494 conetur
1114 3441 1172 3496 sine
1182 3461 1230 3516 spe
1241 3459 1322 3518 atque
1333 3447 1441 3500 emolu·

373 3535 463 3578 mento
475 3521 630 3580 accedere.-

376 3657 380 3664 “
405 3651 445 3718 (s)
458 3649 508 3704 Vs.
520 3649 581 3712 885.
596 3649 715 3722 AEquslis
728 3651 805 3708 nstris
817 3651 936 3724 gradior,
955 3666 982 3707 ct
994 3666 1102 3710 cunctos
1115 3675 1195 3728 super

593 3737 685 3792 Alsum
698 3739 812 3811 superbo
826 3739 925 3794 vertice
938 3740 1069 3812 attingens
1080 3744 1181 3814 polum.

593 3826 671 3879 Nunc
683 3826 780 3882 decore
793 3822 868 3899 regni
878 3841 971 3894 teneo,
984 3847 1054 3882 nuuc
1064 3831 1160 3885 solium
1169 3833 1258 3904 patris.

445 3926 450 3939 ¹
523 3960 534 3983 s
594 3912 702 3966 Dimisso
713 3933 842 3986 superos:
855 3933 957 3968 summa
972 3929 1094 3970 votorum
1110 3919 1190 3991 attigi.

596 3999 666 4052 Bene
679 4014 732 4065 est,
748 4001 855 4056 abunde
865 4015 904 4058 est
915 4021 923 4066 ς
934 4007 989 4076 jam
1003 4018 1043 4058 sat
1056 4019 1095 4059 cst
1105 4008 1186 4062 etiam
1201 4009 1275 4060 mibi.
