3172 5138
411 479 768 549 'puouutssu
797 482 905 550 scr.
931 485 957 548 1.
1074 571 1078 580 ι
1171 473 1239 572 375

230 604 367 695 Semper
387 614 542 688 cruente,
566 625 667 689 saeve,
685 599 843 688 crudelis,
860 601 972 688 ferox,

230 711 346 800 Quum
367 709 508 798 occidis,
528 725 561 780 et
578 737 681 805 quum
702 711 810 805 parcis
825 737 833 778 :
851 710 930 780 oiim
946 712 1015 804 jam
1038 726 1133 779 tuum
1218 727 1241 766 ³⁵

230 823 288 890 Est
306 820 371 890 hoc
389 819 548 890 cadaver:
565 846 687 916 perage
704 821 898 892 mandatum
915 823 1036 916 patris,

229 934 302 1001 Jam
318 944 352 998 et
370 931 485 1000 matris
500 956 507 998 :
524 930 654 1000 animus
670 933 769 1026 gestit
786 932 924 1026 antiqua
940 931 1072 1025 exsequi

230 1039 409 1136 Supplicia.
431 1041 525 1129 Quid
542 1066 618 1129 me,
633 1056 731 1127 nata,
749 1042 903 1136 pestifero
922 1056 1013 1112 tenes

229 1153 353 1221 Amore
368 1150 540 1220 vinctum?
558 1151 639 1246 quid
659 1151 776 1222 tenes?
793 1153 925 1246 genitor
943 1166 1048 1222 vocat.

231 1264 371 1356 Sequor,
390 1286 532 1356 sequor:
548 1262 618 1357 jam
637 1287 783 1357 parce...
799 1262 1026 1357 Sanguineum
1040 1285 1158 1355 gerens
1217 1283 1243 1328 so

183 1467 226 1534 qui
236 1469 364 1516 rarorum
373 1467 467 1534 recepit.
477 1465 545 1519 Cum
555 1465 606 1519 hoc
615 1483 693 1520 sensu
733 1483 795 1519 cene
802 1478 895 1518 natum
900 1465 1037 1538 OEdipum
1043 1467 1241 1540 jusseratLaius

183 1544 334 1617 conspirant
349 1549 485 1616 sequentia
501 1563 507 1598 :
528 1545 621 1598 «Olim
638 1548 692 1618 jam
731 1558 808 1619 pater
822 1545 919 1618 exponi
938 1545 1088 1600 Cithaerone
1101 1547 1242 1601 absumen-

184 1636 259 1678 tunm
270 1623 315 1677 Est
325 1624 377 1678 hoc
387 1625 528 1680 cadaver.»
548 1625 550 1629 ’
732 1624 797 1678 dum
823 1625 909 1678 obviis
932 1625 1001 1677 feris.
1026 1625 1076 1679 sed
1099 1627 1162 1698 qnia
1187 1645 1241 1680 non

220 1703 263 1757 35.
278 1710 357 1772 Quum
366 1707 471 1767 occids's,
484 1720 509 1756 et
517 1725 591 1773 quum
597 1707 691 1772 parcis.
733 1715 771 1757 est
782 1703 909 1758 credibile
916 1702 988 1756 idem
999 1705 1079 1758 fuisse
1089 1703 1241 1758 mandatum

144 1845 149 1856 ⁵
184 1785 270 1854 AEqne
283 1780 398 1834 crudelis
414 1781 497 1848 inisti,
512 1800 531 1835 o
544 1781 690 1846 Citheron,
732 1785 823 1836 metris
842 1786 923 1852 (nam
940 1783 981 1836 rel
998 1795 1062 1837 teste
1077 1785 1241 1847 Menundro,

184 1872 211 1913 et
238 1878 322 1932 quum
354 1861 496 1922 Actteontt,
523 1859 691 1921 Pentheum,
728 1877 803 1929 patre
815 1867 1030 1914 materlibercrum
1040 1878 1078 1914 ost
1086 1865 1240 1931 amantior),

184 1940 335 2011 Dircenque
345 1950 430 1992 morte
439 1939 563 2000 affecisti,
575 1950 600 1991 et
609 1957 692 2010 qaum
732 1939 849 1994 funestis
868 1959 922 1994 non
946 1939 1162 2014 distinguendum
1183 1955 1242 2015 post

184 2018 249 2071 mihi
262 2021 343 2072 vitatu
357 2018 524 2080 condonasti,
539 2019 693 2072 totsceleri·
732 2024 833 2079 matris,
855 2033 885 2073 nt
904 2025 989 2072 matris
1011 2025 1107 2074 animus
1129 2023 1163 2076 sit
1183 2022 1240 2094 ipsu

183 2097 235 2149 hus
243 2109 270 2150 et
278 2089 354 2150 melis
363 2109 528 2151 reservatam.
539 2095 612 2150 Med.
622 2096 691 2161 431:
733 2111 830 2160 mater,
850 2117 931 2185 quam
951 2100 1024 2152 aiunt
1041 2101 1183 2172 suspendio
1201 2102 1240 2153 vi·

183 2176 232 2229 «Ο
256 2176 324 2230 dura
345 2176 398 2229 fate
420 2193 524 2248 semper
547 2187 573 2227 et
595 2186 692 2227 sortem
732 2189 785 2230 tem
795 2177 1241 2252 finisse.uNecinterpresGallicus

184 2275 321 2328 asperam
346 2257 437 2322 Quum
459 2255 535 2308 sevit
557 2266 583 2306 et
607 2273 692 2326 quum
732 2275 781 2309 nec
792 2257 864 2309 Flor.
877 2255 973 2310 Christ.
977 2260 1035 2324 jam
1045 2273 1069 2310 et
1080 2263 1165 2310 matris
1173 2260 1240 2312 mihi

183 2337 285 2408 parcit,
300 2353 332 2388 ex
344 2352 421 2406 equo
433 2334 538 2387 mulam.
549 2359 562 2380 n
580 2337 693 2386 -Olim
731 2335 856 2390 videntur
868 2336 1030 2390 intellexisse.
1045 2338 1136 2391 Innuit
1150 2339 1241 2400 Poeta,

177 2419 234 2482 jam
253 2431 334 2475 uum,
356 2425 405 2468 etc.
426 2415 473 2467 Jus
493 2413 574 2467 hahes
594 2414 622 2465 in
641 2413 693 2466 hoc
732 2417 838 2469 Iocasta
852 2428 948 2477 mutre,
963 2434 1022 2488 que
1037 2416 1091 2470 filio
1104 2415 1239 2488 quondam

184 2513 280 2567 corpus
298 2513 329 2546 ex
348 2512 402 2564 quo
419 2504 462 2546 tue
480 2505 506 2546 te
520 2491 608 2564 preda
623 2493 694 2546 frnu·
733 2494 868 2567 pepercit,
888 2513 959 2548 nunc
979 2493 1077 2549 scelera
1095 2499 1151 2566 ejus
1170 2508 1196 2550 et
1212 2497 1240 2549 iu

184 2573 258 2630 davit
272 2573 405 2638 Phorbas,
419 2573 464 2645 qui
477 2591 520 2625 me
533 2572 621 2626 arbori
638 2589 694 2626 sno
732 2574 825 2647 primis
841 2575 971 2628 incestum
989 2587 1126 2636 noscente,
1143 2575 1242 2630 dehere

183 2673 296 2726 pensum
319 2654 435 2708 abstulit.
458 2653 520 2706 Vid.
534 2673 591 2724 sup.
607 2675 634 2706 v.
650 2654 693 2706 33.
733 2652 870 2726 OEdipum
889 2664 915 2705 et
931 2652 965 2704 ah
981 2652 1034 2722 ipsa
1046 2656 1101 2724 jam
1114 2653 1185 2712 letho
1198 2673 1242 2707 ro·

186 2737 249 2785 Olrin
268 2751 316 2804 pro
328 2736 491 2801 jamdudum,
510 2735 567 2801 jam
584 2733 692 2799 pridem.
732 2732 797 2784 reri.
809 2761 844 2772 ·-
858 2735 976 2805 Easequr'.
996 2731 1145 2802 Assiguatas
1158 2751 1241 2804 puero

184 2812 254 2866 Piin.
269 2812 358 2875 v111,
374 2810 448 2883 epist.
462 2827 478 2877 9
495 2830 501 2860 :
523 2813 587 2862 Olim
601 2831 651 2862 nort
666 2811 694 2862 u·-
732 2827 825 2882 poenes
838 2808 956 2878 implere.

169 2881 253 2945 'hrum
269 2896 294 2943 in
308 2910 409 2956 mantis,
429 2909 479 2941 rton
491 2892 571 2940 stilum
583 2891 693 2957 sumpsie
769 2889 812 2941 38.
835 2887 958 2955 Pestfiro.
976 2887 1039 2939 Vita
1056 2887 1142 2951 euim,
1159 2909 1239 2961 quam
1304 2931 1310 2942 ,

184 2975 241 3024 olim
252 2974 333 3023 nescio
342 2972 404 3038 quid
410 2972 441 3021 st't
450 2971 538 3034 cuum,
549 2971 611 3036 quid
618 2971 693 3036 quies.
732 2985 806 3022 amur
815 2979 876 3019 tuus
886 2976 957 3018 vetat
970 2966 1141 3038 abrumpere,
1156 2969 1240 3022 maxi·

185 3049 256 3104 Add.
269 3049 392 3103 Juvenal.
400 3050 454 3111 Vl,
468 3050 529 3113 346.
544 3049 642 3101 Lucan.
656 3048 692 3114 V,
733 3066 775 3101 ma
795 3045 861 3098 mihi
884 3056 910 3096 et
929 3043 1081 3116 gravissima
1098 3047 1179 3118 pestis
1193 3059 1240 3100 est.
1267 3093 1269 3097 Α

186 3134 246 3202 769.
266 3130 338 3184 Suet.
358 3129 386 3182 in
404 3131 514 3200 August.
535 3127 579 3181 30.
600 3126 692 3180 Sacc.
733 3157 768 3168 -
780 3133 863 3178 Tenes.
874 3125 947 3192 Quid
956 3124 1050 3177 retines
1059 3125 1239 3198 lethumque-

187 3211 263 3283 epist.
276 3227 319 3280 77,
328 3219 378 3261 etc.
732 3225 791 3260 rere
804 3197 976 3276 cupientem?¹
990 3210 1062 3256 Tenes
1076 3217 1165 3258 autern
1176 3223 1240 3278 pro·

223 3287 265 3340 36.
287 3289 405 3339 Cadaver.
424 3281 542 3338 Cadaver
562 3301 614 3356 pro
635 3301 694 3335 cor·
733 3283 896 3359 priedicitur
906 3301 913 3334 :
924 3281 979 3336 vid.
990 3301 1048 3356 sup.
1058 3301 1084 3337 v.
1098 3301 1138 3336 to.

185 3384 251 3438 pore
265 3363 346 3426 dicit,
364 3364 428 3436 qnia
447 3382 529 3436 prope
541 3362 643 3415 occisus
657 3363 695 3414 in·
771 3365 813 3432 39.
835 3367 954 3414 Vincetur.
969 3361 1068 3414 Tibull.
1082 3363 1111 3426 1,
1125 3362 1190 3434 eleg.
1208 3381 1240 3431 t,
1298 3347 1304 3370 ⁸

186 3446 265 3508 fans,
290 3455 316 3496 et
337 3443 412 3496 roelis
432 3443 559 3515 annisque
578 3441 693 3507 fructos,
734 3462 758 3497 v.
772 3441 824 3498 55:
840 3467 851 3489 ι
861 3442 908 3495 Me
921 3441 1036 3494 retinent
1053 3441 1172 3496 vinctum
1186 3443 1240 3497 for-

186 3542 307 3596 magunm
321 3522 432 3594 insuper
444 3522 536 3574 mortis
549 3532 654 3594 purtem
666 3538 694 3573 se
736 3539 814 3575 mosee
833 3521 920 3574 vincia
940 3521 1042 3588 puelle.
1054 3547 1067 3567 ι
1088 3553 1122 3564 -
1143 3525 1243 3576 Genitor

185 3599 343 3656 excecando
364 3617 560 3672 preoccupasse
580 3597 692 3652 videtur.
737 3615 820 3654 mat.
832 3600 901 3653 Ecce
911 3601 991 3652 Laius
1004 3618 1020 3652 a
1032 3619 1075 3654 me
1087 3602 1189 3656 occisam
1203 3605 1243 3656 in-

186 3681 228 3735 Ci.
242 3680 291 3734 int.
304 3700 330 3733 r.
345 3686 386 3748 94.
404 3709 439 3720 -
454 3682 597 3730 truncatum
608 3681 694 3747 patric
736 3679 900 3732 terfectorem
909 3695 987 3731 suurn
997 3679 1114 3733 vocetad
1126 3681 1232 3736 inferos.

186 3760 243 3826 Qui
253 3777 295 3813 me
307 3759 382 3813 letho
390 3756 573 3812 destinaverat.
774 3765 816 3822 4⁰·
836 3765 894 3809 Iam
900 3777 986 3825 parce.
1001 3759 1041 3812 Ne
1055 3761 1146 3814 serias
1158 3763 1186 3814 in
1200 3782 1245 3816 me

225 3839 268 3908 37.
277 3843 332 3890 Iam
342 3853 367 3890 et
375 3841 466 3889 matris.
474 3834 598 3890 Reddidit
606 3837 695 3888 Leuce:
738 3847 845 3908 propter
859 3854 949 3891 neceto
969 3851 1040 3890 tunm
1054 3857 1061 3892 :
1075 3857 1136 3892 narn
1154 3843 1243 3895 miser·

188 3920 328 3984 Accomplis
342 3920 378 3969 les
394 3935 471 3968 vaux
485 3919 516 3967 de
533 3935 589 3966 mon
602 3919 659 3982 pere
672 3928 698 3966 et
738 3914 822 3968 rimas
837 3933 907 3979 snm,
921 3935 1008 3988 neque
1018 3918 1085 3971 mori
1098 3937 1199 3974 recuso
1209 3951 1244 3962 --

187 3999 221 4047 dc
230 4014 271 4046 ma
281 3999 352 4050 mere.
363 3996 396 4048 Et
408 3993 442 4048 de
451 3993 544 4049 eodem
554 3994 612 4046 loeo
623 3994 694 4048 Flor.
739 3995 902 4062 Sanguineum
913 4015 1014 4064 gerens,
1025 4008 1075 4049 ete.
1087 3995 1186 4050 Videre
1197 3998 1246 4052 sihi

100 4127 106 4139 ,
188 4074 371 4152 Christianus:
391 4073 471 4128 «1100
483 4071 563 4136 dicit,
582 4073 643 4145 qnia
656 4091 697 4127 re·
740 4072 845 4126 videtur
858 4075 914 4128 Laii
927 4073 1049 4130 diadema
1065 4077 1152 4146 cede,
1165 4096 1246 4150 qnam

1041 4173 1119 4271 24⁴*
