3090 5142
444 547 580 614 nom
603 548 867 622 norroms.
1150 564 1184 658 xj

110 697 196 772 quae
222 673 283 748 vel
310 677 444 748 Noster
469 679 629 752 imitatus
656 697 728 770 est,
750 683 807 754 vel
837 709 881 756 ex
910 685 976 757 illo
999 686 1189 791 desumpta

111 813 218 884 sunt,
235 797 297 870 vel
321 803 533 872 communia
553 826 634 874 curn
655 804 718 874 illo
745 807 903 902 antiquis
922 821 959 878 et
982 815 1188 886 recentiori·

114 921 187 994 bus
206 923 327 1020 poetis
344 920 460 994 fuere.

168 1046 270 1116 Prius
298 1044 483 1142 quamde
512 1049 742 1134 recensione,
767 1048 868 1144 quod
894 1056 1119 1152 praecipuum
1148 1061 1187 1132 in

117 1183 246 1239 nostro
263 1167 392 1239 labore
413 1167 504 1256 fuit,
523 1167 712 1257 disseram,
735 1194 848 1269 pauca
865 1171 912 1245 de
928 1176 1017 1248 locis
1031 1179 1188 1252 adcom-

118 1293 349 1389 parationem
367 1291 499 1379 allatis,
513 1306 549 1362 et
561 1291 606 1362 de
616 1307 791 1390 perpetua
805 1317 919 1393 prope
929 1302 1188 1374 sententiarum
1258 1283 1262 1292 ⁶

117 1407 442 1514 interpretatione,
461 1418 687 1512 praemittam.
703 1420 797 1486 Sunt
813 1419 909 1488 enim
928 1425 991 1518 qui
1008 1425 1110 1495 istius
1127 1451 1188 1524 gc·

119 1540 216 1610 neiis
227 1563 356 1610 curam
372 1563 447 1610 non
460 1541 631 1609 omittunt
643 1537 760 1609 solum
773 1593 783 1626 ,
797 1539 860 1610 scd
879 1555 915 1611 et
932 1557 1190 1636 contemnunt,

121 1685 203 1748 nec,
222 1659 331 1730 'salva
352 1659 557 1759 philologiae
575 1657 769 1757 dignitate,
798 1662 931 1760 suscipi
956 1688 1062 1762 posse
1093 1667 1189 1740 arbi·

120 1795 275 1852 trantur.
304 1785 382 1879 Ego
401 1797 527 1852 contra
550 1805 632 1853 cum
655 1783 868 1880 gravissimis
890 1787 976 1858 viris
992 1791 1191 1864 existimavi

123 1903 217 1974 haud
237 1904 433 1976 mediocris
450 1902 654 2000 legentibus
672 1903 871 1999 adjumenti
893 1906 972 1980 fore
996 1909 1091 1983 hanc
1109 1937 1189 1987 scn-

122 2029 320 2098 tentiarum
341 2029 502 2124 copiam,
520 2053 565 2098 ex
581 2030 723 2123 graecis,
743 2028 861 2100 latinis
881 2045 917 2101 et
934 2034 1118 2114 interdum
1136 2061 1193 2108 rc·

126 2149 348 2222 centioribus
374 2149 609 2248 scriptoribus
640 2153 867 2254 accersitam,
895 2155 1029 2251 quibus
1055 2173 1118 2230 aut
1144 2160 1190 2232 ab

125 2281 256 2345 tnnaeo
265 2275 423 2370 pressius
434 2275 566 2368 scripta
578 2251 883 2370 explicantur,aut
896 2292 1066 2376 usurpata
1079 2281 1188 2376 paulo

126 2397 341 2467 insolentius
358 2393 467 2466 verba
486 2394 531 2466 ad
551 2396 668 2466 latinoe
690 2394 799 2466 fidem
819 2397 1000 2494 elegantiae
1016 2425 1188 2476 revocan.

123 2535 198 2591 tur:
214 2519 321 2617 quod
338 2517 486 2616 quidem
502 2522 540 2588 in
558 2543 602 2589 eo
621 2521 814 2615 prasertim
829 2520 1049 2617 perlegendo
1063 2539 1189 2622 aptum

123 2643 210 2713 mihi
232 2643 395 2729 videtur,
415 2644 480 2739 qui
497 2655 675 2739 corruptae
699 2655 778 2712 tum
803 2643 1006 2732 literarum,
1025 2661 1103 2717 turn
1122 2649 1188 2720 lin·
1227 2711 1229 2718 ,

123 2790 198 2862 guae
217 2766 343 2836 latinae
360 2763 578 2836 salubritatis
598 2787 674 2834 non
693 2764 791 2835 testis
809 2764 936 2854 modo,
954 2767 1016 2838 sed
1038 2792 1104 2865 pro
1123 2795 1188 2842 sua

122 2906 221 2988 parte
249 2904 382 2960 auctor
408 2889 562 2971 exstitit,
588 2902 625 2958 et
651 2888 806 2960 melioris
838 2893 950 2960 aetatis
976 2892 1123 2964 inventa
1152 2911 1189 2967 et

122 3037 345 3099 sermonem,
368 3011 456 3083 dum
482 3011 698 3098 imitaretur,
715 3009 939 3110 depravavit,
958 3027 995 3083 et
1017 3015 1055 3082 in
1080 3039 1213 3094 suum·

123 3136 282 3206 colorem
303 3136 423 3204 traxit.
442 3133 555 3204 Multa
574 3133 724 3229 quoque
749 3158 794 3206 ex
817 3139 961 3206 Senecas
980 3134 1188 3235 philosophi

121 3257 295 3356 operibus
327 3281 405 3328 non
437 3258 515 3327 sine
541 3255 711 3355 peculiari
743 3256 892 3327 consilio
922 3257 1045 3339 attuli,
1071 3282 1186 3354 quum

122 3381 221 3454 nullo
244 3380 384 3476 majore
408 3393 622 3476 argumento
645 3377 839 3476 approbari
860 3381 973 3475 possit
994 3402 1102 3475 quam
1129 3383 1186 3454 iu-

122 3505 237 3599 genii,
253 3502 450 3587 doctrinae,
464 3500 706 3586 locutionum,
724 3498 918 3570 verbomm
933 3501 1187 3592 similitudine,

123 3651 235 3698 unum
254 3641 295 3697 et
313 3621 501 3709 eumdem,
521 3623 624 3720 quod
642 3621 731 3694 mihi
749 3621 901 3710 videtur,
931 3623 1186 3721 tragoediarum

122 3765 155 3820 et
189 3747 432 3847 epistolarum
467 3743 797 3843 philosophicarum
837 3760 1021 3818 auctorem
1062 3747 1201 3824 luisse..

118 3875 355 3970 (Quanquam
365 3893 443 3940 non
453 3867 651 3942 omittenda
665 3868 820 3964 judicavi
835 3893 917 3966 quae
936 3869 981 3941 de
998 3873 1186 3969 tmgoedia·

116 4023 193 4070 mm
210 4010 369 4069 auctore
394 3994 571 4091 precipua
593 3997 726 4092 scripta
747 4007 851 4079 suut,
878 3994 1008 4091 Lipsii,
1029 3999 1188 4088 Heinsii‚

8 4207 9 4216 ἵ
116 4122 265 4191 lontani
298 4117 603 4200 nisserutiones,
627 4131 664 4187 et
698 4119 737 4186 in
764 4117 887 4212 primis
921 4117 1118 4204 Klotzschii
1149 4136 1185 4194 et

1022 4243 1063 4302 αἱ
