3090 5142
368 551 413 642 ιη·
763 549 1037 618 ennrlrro

368 683 520 756 lacobsii
535 681 722 782 opuscula,
736 707 893 780 quorum
908 706 1043 769 unum,
1062 703 1248 778 perrarum
1263 680 1434 778 quidem,

369 806 476 880 nobis
502 806 758 903 benignissime
795 805 892 890 misit
921 801 1151 874 Godolredus
1182 807 1433 890 dermannus,

368 930 596 1002 doctissimus
610 928 819 1000 celeberrim
825 951 940 1024 usque
954 929 992 997 in
1005 928 1241 998 Universitate
1254 925 1432 1022 lipsiensi

367 1052 562 1152 proless0r3
590 1053 762 1139 alterum,
791 1077 834 1122 ex
858 1050 1065 1147 Naelrm'ige
1086 1074 1134 1118 zu
1152 1047 1294 1119 Sulzers
1313 1046 1430 1144 allge-

366 1180 499 1244 manzer
518 1173 666 1244 Theorie
687 1163 916 1270 excerptum,
939 1169 1039 1269 qnod
1060 1196 1104 1243 ex
1127 1171 1331 1268 germanico
1352 1193 1432 1242 ser-

368 1319 475 1366 mone
488 1297 530 1365 in
545 1294 698 1366 latinum
720 1294 920 1390 converti.)

414 1420 489 1488 Nec
519 1417 776 1489 sententiarum
810 1417 1117 1515 explanationem,
1145 1437 1218 1513 qua
1243 1415 1433 1488 intellectu

346 1537 570 1610 *difficiliora
599 1537 757 1608 dilucido
787 1537 981 1610 verborum
1014 1538 1168 1609 circuitu
1193 1535 1432 1624 evolvuntur,

365 1665 484 1730 minus
502 1659 627 1731 utilem
647 1656 724 1730 lore
739 1659 885 1732 credidi.
903 1660 1018 1732 Multa
1036 1660 1132 1732 enim
1152 1660 1191 1730 in
1208 1663 1342 1733 Nostro
1364 1683 1429 1730 oc·

366 1797 531 1869 currunt,
557 1779 603 1853 de
628 1807 784 1878 quorum
815 1782 1111 1881 interpretatione
1144 1781 1307 1854 nondum
1336 1784 1431 1854 inter

366 1931 491 1978 omnes
518 1906 696 1977 convenit.
724 1907 869 1994 Critici,
900 1931 1057 2002 quorum
1089 1907 1289 2003 praecipuus
1315 1906 1353 1976 in
1384 1931 1430 1978 eo

365 2033 517 2100 vertitur
537 2027 657 2114 labor,
681 2043 721 2099 ut
740 2030 852 2099 varias
870 2028 1042 2099 lectiones
1060 2043 1265 2100 scrutentur
1287 2043 1323 2100 et
1347 2055 1428 2100 mo·

364 2167 488 2224 mento
507 2176 573 2222 suo
592 2149 812 2248 ponderent,
834 2153 1036 2223 meminisse
1054 2165 1195 2236 tamen,
1212 2166 1254 2222 ut
1271 2151 1360 2222 mihi
1376 2153 1430 2222 vi·

365 2275 489 2360 detur,
514 2272 661 2358 debent,
677 2275 827 2344 nonnisi
843 2271 888 2344 ad
908 2274 1041 2344 rectius
1060 2272 1312 2370 cognoscenda
1323 2279 1430 2347 Vete-
1459 2285 1466 2300 '

365 2422 446 2469 rum
469 2420 579 2494 opera
601 2395 771 2466 lectiones
792 2395 990 2493 explorari3
1020 2419 1086 2467 nec
1113 2396 1234 2467 minus
1261 2394 1431 2494 profutu-

365 2545 465 2607 rum,
484 2522 514 2591 si
533 2519 707 2607 obscura,
734 2519 779 2590 de
804 2518 937 2616 quibus
965 2518 1160 2592 retinendis
1181 2521 1277 2592 inter
1302 2521 1430 2595 doctos

366 2657 526 2728 constat,
553 2643 848 2740 interpretatione
881 2643 1106 2714 illustrentur
1131 2644 1230 2729 loca,
1257 2669 1367 2742 quam
1398 2647 1430 2717 si

366 2764 619 2840 emendatione
644 2761 865 2852 enodentur,
883 2789 965 2862 quae
992 2790 1067 2837 non
1093 2780 1168 2837 rata
1195 2782 1280 2838 sunt
1309 2767 1430 2841 adhue

366 2904 402 2963 et
432 2903 528 2960 certa
564 2885 730 2958 codicum
767 2887 976 2956 auctoritate
1011 2890 1215 2959 constituta.
1253 2891 1320 2962 Alii
1358 2891 1429 2964 alio

366 3013 642 3084 annotationum
674 3032 806 3106 genere
842 3024 949 3105 egent
987 3023 1181 3082 auctores:
1217 3027 1302 3084 sunt
1335 3039 1429 3110 quos

367 3141 444 3209 sine
488 3135 621 3207 auxilio
668 3133 871 3229 intelligas,
915 3137 987 3204 sive
1032 3132 1077 3204 de
1123 3133 1232 3224 rebus
1272 3135 1428 3210 dixerint

365 3287 445 3359 quae
472 3261 593 3332 animo
622 3257 725 3331 facile
752 3238 1129 3355 comprehenduntur,
1156 3259 1229 3330 sive
1258 3264 1306 3331 ita
1332 3260 1428 3334 dixe-

365 3389 453 3473 rint,
476 3399 517 3455 ut
545 3407 611 3480 per
637 3407 674 3454 se
696 3382 752 3452 vel
780 3380 933 3452 obscura
958 3395 995 3452 et
1016 3379 1125 3452 ardua
1150 3405 1224 3454 non
1247 3409 1339 3480 aegre
1363 3384 1426 3457 ad·

278 3499 292 3570 ¹.
365 3507 515 3578 modum
544 3507 818 3603 percipiantur:
847 3505 897 3574 illi
929 3502 1077 3601 quidem
1111 3527 1194 3575 eum
1223 3506 1425 3603 legentibus

365 3653 445 3702 suas
468 3629 662 3698 sententias
686 3629 762 3696 sine
789 3626 1028 3722 interpretum
1055 3651 1126 3724 ope
1147 3631 1423 3704 communicant.

365 3755 491 3845 Longe
517 3748 618 3819 aliter
640 3747 685 3818 de
707 3749 841 3818 Nostro
865 3745 1029 3818 habetur.
1058 3746 1219 3820 Diffusus
1251 3751 1290 3820 in
1316 3752 1425 3826 rebus

363 3869 598 3969 congerendis
626 3884 661 3940 et
691 3869 786 3940 idem
814 3871 851 3939 in
880 3869 1029 3966 singulis
1059 3871 1301 3968 exprimendis
1331 3876 1425 3950 ultra

364 3993 514 4068 modum
533 3994 717 4079 concisus,
735 3993 958 4065 intellectum
975 4009 1154 4082 moratur,
1176 4010 1213 4067 et
1230 4001 1422 4072 sententia·

363 4143 445 4191 rum
465 4117 568 4215 copia
586 4141 675 4213 quas
695 4118 790 4188 necti
808 4141 883 4188 non
902 4118 951 4186 ita
968 4120 1012 4189 sit
1033 4117 1264 4215 expeditum,
1290 4137 1326 4192 et
1345 4121 1423 4192 bre-
