<?xml version="1.0" encoding="UTF-8"?>
<!DOCTYPE html PUBLIC "-//W3C//DTD XHTML 1.0 Transitional//EN"
    "http://www.w3.org/TR/xhtml1/DTD/xhtml1-transitional.dtd">
<html xmlns="http://www.w3.org/1999/xhtml" xml:lang="en" lang="en">
 <head>
  <title>
</title>
<meta http-equiv="Content-Type" content="text/html;charset=utf-8" />
  <meta name='ocr-system' content='tesseract 3.04.00' />
  <meta name='ocr-capabilities' content='ocr_page ocr_carea ocr_par ocr_line ocrx_word'/>
</head>
<body>
  <div class='ocr_page' id='page_1' title='image "./lannsenecparste02piergoog_0130.png"; bbox 0 0 3118 5138; ppageno 0'>
   <div class='ocr_carea' id='block_1_1' title="bbox 337 520 1154 592">
    <p class='ocr_par' dir='ltr' id='par_1_1' title="bbox 337 520 1154 592">
     <span class='ocr_line' id='line_1_1' title="bbox 337 520 1154 592; baseline -0.002 -2"><span class='ocrx_word' id='word_1_1' title='bbox 337 520 390 590; x_wconf 87' lang='lat' dir='ltr'>IN</span> <span class='ocrx_word' id='word_1_2' title='bbox 414 521 683 590; x_wconf 83' lang='lat' dir='ltr'><strong>TRAGOEDllS</strong></span> <span class='ocrx_word' id='word_1_3' title='bbox 709 521 904 589; x_wconf 80' lang='lat' dir='ltr'><strong>SENECAE.</strong></span> <span class='ocrx_word' id='word_1_4' title='bbox 1063 545 1154 592; x_wconf 82' lang='lat' dir='ltr'>cxxv</span> 
     </span>
    </p>
   </div>
   <div class='ocr_carea' id='block_1_2' title="bbox 34 648 1155 1192">
    <p class='ocr_par' dir='ltr' id='par_1_2' title="bbox 131 648 1019 839">
     <span class='ocr_line' id='line_1_2' title="bbox 131 648 1019 738; baseline 0 -24"><span class='ocrx_word' id='word_1_5' title='bbox 131 648 302 714; x_wconf 81' lang='lat' dir='ltr'>interdum</span> <span class='ocrx_word' id='word_1_6' title='bbox 316 650 492 732; x_wconf 67' lang='lat' dir='ltr'>creticum</span> <span class='ocrx_word' id='word_1_7' title='bbox 508 651 591 713; x_wconf 89' lang='lat' dir='ltr'>utin</span> <span class='ocrx_word' id='word_1_8' title='bbox 606 649 743 714; x_wconf 83' lang='lat' dir='ltr'>Hercule</span> <span class='ocrx_word' id='word_1_9' title='bbox 756 649 887 732; x_wconf 83' lang='lat' dir='ltr'>OEtaeo,</span> <span class='ocrx_word' id='word_1_10' title='bbox 915 649 996 738; x_wconf 83' lang='lat'><strong>1095</strong></span> <span class='ocrx_word' id='word_1_11' title='bbox 1012 673 1019 714; x_wconf 92' lang='lat'><strong>:</strong></span> 
     </span>
     <span class='ocr_line' id='line_1_3' title="bbox 208 766 578 839; baseline 0.005 -21"><span class='ocrx_word' id='word_1_12' title='bbox 208 767 333 833; x_wconf 82' lang='lat' dir='ltr'>Quatnor</span> <span class='ocrx_word' id='word_1_13' title='bbox 345 766 487 839; x_wconf 77' lang='lat' dir='ltr'>praecipitia</span> <span class='ocrx_word' id='word_1_14' title='bbox 497 769 578 820; x_wconf 82' lang='lat' dir='ltr'>Deus.</span> 
     </span>
    </p>

    <p class='ocr_par' dir='ltr' id='par_1_3' title="bbox 132 889 1153 979">
     <span class='ocr_line' id='line_1_4' title="bbox 132 889 1153 979; baseline 0.001 -26"><span class='ocrx_word' id='word_1_15' title='bbox 132 891 203 954; x_wconf 91' lang='lat' dir='ltr'>Nisi</span> <span class='ocrx_word' id='word_1_16' title='bbox 227 889 284 954; x_wconf 84' lang='lat' dir='ltr'>hat</span> <span class='ocrx_word' id='word_1_17' title='bbox 305 889 440 954; x_wconf 82' lang='lat' dir='ltr'><strong>collisio.</strong></span> <span class='ocrx_word' id='word_1_18' title='bbox 460 889 567 953; x_wconf 86' lang='lat' dir='ltr'>Prima</span> <span class='ocrx_word' id='word_1_19' title='bbox 591 889 732 953; x_wconf 91' lang='lat' dir='ltr'>enimin</span> <span class='ocrx_word' id='word_1_20' title='bbox 758 890 891 954; x_wconf 91' lang='lat' dir='ltr'>nomine</span> <span class='ocrx_word' id='word_1_21' title='bbox 911 905 1048 977; x_wconf 80' lang='lat' dir='ltr'>quatuor</span> <span class='ocrx_word' id='word_1_22' title='bbox 1067 890 1153 979; x_wconf 90' lang='lat' dir='ltr'>apud</span> 
     </span>
    </p>

    <p class='ocr_par' dir='ltr' id='par_1_4' title="bbox 34 994 1155 1086">
     <span class='ocr_line' id='line_1_5' title="bbox 34 994 1155 1086; baseline -0.001 -25"><span class='ocrx_word' id='word_1_23' title='bbox 34 1055 35 1070; x_wconf 65' lang='grc'>,</span> <span class='ocrx_word' id='word_1_24' title='bbox 96 997 195 1062; x_wconf 89' lang='lat' dir='ltr'>bonos</span> <span class='ocrx_word' id='word_1_25' title='bbox 223 1011 336 1084; x_wconf 89' lang='lat' dir='ltr'>poetas</span> <span class='ocrx_word' id='word_1_26' title='bbox 366 1018 495 1085; x_wconf 82' lang='lat' dir='ltr'>semper</span> <span class='ocrx_word' id='word_1_27' title='bbox 523 994 682 1085; x_wconf 89' lang='lat' dir='ltr'>producta</span> <span class='ocrx_word' id='word_1_28' title='bbox 712 997 850 1086; x_wconf 88' lang='lat' dir='ltr'>legitur:</span> <span class='ocrx_word' id='word_1_29' title='bbox 872 1012 994 1084; x_wconf 84' lang='lat' dir='ltr'>quater,</span> <span class='ocrx_word' id='word_1_30' title='bbox 1027 1020 1155 1086; x_wconf 80' lang='lat' dir='ltr'>semper</span> 
     </span>
    </p>

    <p class='ocr_par' dir='ltr' id='par_1_5' title="bbox 34 1119 249 1192">
     <span class='ocr_line' id='line_1_6' title="bbox 34 1119 249 1192; baseline -0.009 -24"><span class='ocrx_word' id='word_1_31' title='bbox 34 1123 35 1128; x_wconf 73' lang='grc'>’</span> <span class='ocrx_word' id='word_1_32' title='bbox 98 1119 249 1192; x_wconf 89' lang='lat' dir='ltr'>correpta.</span> 
     </span>
    </p>
   </div>
   <div class='ocr_carea' id='block_1_3' title="bbox 33 1274 1155 1578">
    <p class='ocr_par' dir='ltr' id='par_1_6' title="bbox 33 1274 1155 1578">
     <span class='ocr_line' id='line_1_7' title="bbox 136 1274 1155 1365; baseline -0.002 -23"><span class='ocrx_word' id='word_1_33' title='bbox 136 1277 193 1342; x_wconf 92' lang='lat'><em>111.</em></span> <span class='ocrx_word' id='word_1_34' title='bbox 219 1275 484 1342; x_wconf 88' lang='lat' dir='ltr'>Choriambicum</span> <span class='ocrx_word' id='word_1_35' title='bbox 502 1293 726 1343; x_wconf 87' lang='lat' dir='ltr'>tetrametrum</span> <span class='ocrx_word' id='word_1_36' title='bbox 745 1275 782 1342; x_wconf 89' lang='lat' dir='ltr'>fit</span> <span class='ocrx_word' id='word_1_37' title='bbox 802 1300 820 1341; x_wconf 86' lang='lat' dir='ltr'>c</span> <span class='ocrx_word' id='word_1_38' title='bbox 839 1274 1004 1365; x_wconf 85' lang='lat' dir='ltr'>spondeo,</span> <span class='ocrx_word' id='word_1_39' title='bbox 1024 1274 1155 1340; x_wconf 90' lang='lat' dir='ltr'>duobus</span> 
     </span>
     <span class='ocr_line' id='line_1_8' title="bbox 99 1382 1154 1473; baseline -0.003 -25.177"><span class='ocrx_word' id='word_1_40' title='bbox 99 1383 284 1448; x_wconf 83' lang='lat' dir='ltr'>choriambis</span> <span class='ocrx_word' id='word_1_41' title='bbox 301 1399 333 1447; x_wconf 90' lang='lat' dir='ltr'>et</span> <span class='ocrx_word' id='word_1_42' title='bbox 350 1383 558 1472; x_wconf 72' lang='lat' dir='ltr'>pyrrhichio,</span> <span class='ocrx_word' id='word_1_43' title='bbox 578 1406 645 1471; x_wconf 93' lang='lat' dir='ltr'>quo</span> <span class='ocrx_word' id='word_1_44' title='bbox 667 1405 785 1473; x_wconf 80' lang='lat' dir='ltr'>genere</span> <span class='ocrx_word' id='word_1_45' title='bbox 808 1382 1070 1470; x_wconf 86' lang='lat' dir='ltr'>frequentissime</span> <span class='ocrx_word' id='word_1_46' title='bbox 1088 1382 1154 1446; x_wconf 93' lang='lat' dir='ltr'>uti·</span> 
     </span>
     <span class='ocr_line' id='line_1_9' title="bbox 33 1486 1136 1578; baseline -0.005 -22"><span class='ocrx_word' id='word_1_47' title='bbox 33 1489 34 1556; x_wconf 73' lang='lat' dir='ltr'>i</span> <span class='ocrx_word' id='word_1_48' title='bbox 100 1507 160 1554; x_wconf 90' lang='lat' dir='ltr'>tur:</span> <span class='ocrx_word' id='word_1_49' title='bbox 178 1488 242 1553; x_wconf 91' lang='lat' dir='ltr'>hoc</span> <span class='ocrx_word' id='word_1_50' title='bbox 258 1509 356 1552; x_wconf 82' lang='lat' dir='ltr'>suave</span> <span class='ocrx_word' id='word_1_51' title='bbox 369 1503 435 1570; x_wconf 88' lang='lat' dir='ltr'>est,</span> <span class='ocrx_word' id='word_1_52' title='bbox 449 1489 476 1554; x_wconf 90' lang='lat' dir='ltr'>si</span> <span class='ocrx_word' id='word_1_53' title='bbox 489 1489 626 1554; x_wconf 90' lang='lat' dir='ltr'>incisum</span> <span class='ocrx_word' id='word_1_54' title='bbox 639 1489 756 1554; x_wconf 86' lang='lat' dir='ltr'>babeat</span> <span class='ocrx_word' id='word_1_55' title='bbox 768 1505 843 1577; x_wconf 88' lang='lat' dir='ltr'>post</span> <span class='ocrx_word' id='word_1_56' title='bbox 858 1486 974 1578; x_wconf 87' lang='lat' dir='ltr'>pedem</span> <span class='ocrx_word' id='word_1_57' title='bbox 988 1488 1136 1552; x_wconf 88' lang='lat' dir='ltr'>altemm.</span> 
     </span>
    </p>
   </div>
   <div class='ocr_carea' id='block_1_4' title="bbox 211 1631 776 1763">
    <p class='ocr_par' dir='ltr' id='par_1_7' title="bbox 211 1631 776 1763">
     <span class='ocr_line' id='line_1_10' title="bbox 228 1631 776 1672; baseline 0.004 -5"><span class='ocrx_word' id='word_1_58' title='bbox 228 1638 293 1652; x_wconf 93' lang='lat'>··</span> <span class='ocrx_word' id='word_1_59' title='bbox 331 1631 478 1669; x_wconf 61' lang='lat' dir='ltr'>wo·</span> <span class='ocrx_word' id='word_1_60' title='bbox 544 1639 560 1654; x_wconf 94' lang='lat'><strong>·</strong></span> <span class='ocrx_word' id='word_1_61' title='bbox 599 1631 776 1672; x_wconf 71' lang='lat' dir='ltr'>ota-00</span> 
     </span>
     <span class='ocr_line' id='line_1_11' title="bbox 211 1689 776 1763; baseline 0 -21"><span class='ocrx_word' id='word_1_62' title='bbox 211 1691 262 1742; x_wconf 63' lang='lat' dir='ltr'>aa</span> <span class='ocrx_word' id='word_1_63' title='bbox 270 1699 310 1740; x_wconf 86' lang='lat' dir='ltr'>est</span> <span class='ocrx_word' id='word_1_64' title='bbox 320 1689 405 1742; x_wconf 81' lang='lat' dir='ltr'>forma</span> <span class='ocrx_word' id='word_1_65' title='bbox 414 1689 510 1761; x_wconf 81' lang='lat' dir='ltr'>fugax,</span> <span class='ocrx_word' id='word_1_66' title='bbox 524 1689 583 1762; x_wconf 80' lang='lat' dir='ltr'>qnia</span> <span class='ocrx_word' id='word_1_67' title='bbox 591 1691 695 1763; x_wconf 79' lang='lat' dir='ltr'>sapiens</span> <span class='ocrx_word' id='word_1_68' title='bbox 704 1690 776 1743; x_wconf 87' lang='lat' dir='ltr'>bono</span> 
     </span>
    </p>
   </div>
   <div class='ocr_carea' id='block_1_5' title="bbox 214 1773 710 1847">
    <p class='ocr_par' dir='ltr' id='par_1_8' title="bbox 214 1773 710 1847">
     <span class='ocr_line' id='line_1_12' title="bbox 214 1773 710 1847; baseline 0 -17"><span class='ocrx_word' id='word_1_69' title='bbox 214 1773 330 1830; x_wconf 82' lang='lat' dir='ltr'>Confidit</span> <span class='ocrx_word' id='word_1_70' title='bbox 344 1775 450 1847; x_wconf 78' lang='lat' dir='ltr'>fragili?</span> <span class='ocrx_word' id='word_1_71' title='bbox 461 1775 525 1830; x_wconf 90' lang='lat' dir='ltr'>dum</span> <span class='ocrx_word' id='word_1_72' title='bbox 538 1777 614 1845; x_wconf 87' lang='lat' dir='ltr'>licet,</span> <span class='ocrx_word' id='word_1_73' title='bbox 624 1790 710 1831; x_wconf 84' lang='lat' dir='ltr'>utere.</span> 
     </span>
    </p>
   </div>
   <div class='ocr_carea' id='block_1_6' title="bbox 105 1902 1154 2205">
    <p class='ocr_par' dir='ltr' id='par_1_9' title="bbox 105 1902 1154 2205">
     <span class='ocr_line' id='line_1_13' title="bbox 136 1902 1154 1993; baseline -0.001 -26"><span class='ocrx_word' id='word_1_74' title='bbox 136 1904 183 1967; x_wconf 82' lang='lat' dir='ltr'>Ex</span> <span class='ocrx_word' id='word_1_75' title='bbox 201 1903 265 1967; x_wconf 91' lang='lat' dir='ltr'>hoc</span> <span class='ocrx_word' id='word_1_76' title='bbox 279 1903 398 1992; x_wconf 84' lang='lat' dir='ltr'>passim</span> <span class='ocrx_word' id='word_1_77' title='bbox 417 1903 536 1993; x_wconf 84' lang='lat' dir='ltr'>integri</span> <span class='ocrx_word' id='word_1_78' title='bbox 552 1905 652 1969; x_wconf 92' lang='lat' dir='ltr'>Chori</span> <span class='ocrx_word' id='word_1_79' title='bbox 669 1905 851 1993; x_wconf 86' lang='lat' dir='ltr'>compositi.</span> <span class='ocrx_word' id='word_1_80' title='bbox 870 1903 961 1968; x_wconf 86' lang='lat' dir='ltr'>Idem</span> <span class='ocrx_word' id='word_1_81' title='bbox 975 1905 1060 1968; x_wconf 89' lang='lat' dir='ltr'>iuter</span> <span class='ocrx_word' id='word_1_82' title='bbox 1072 1902 1154 1968; x_wconf 86' lang='lat' dir='ltr'>duos</span> 
     </span>
     <span class='ocr_line' id='line_1_14' title="bbox 105 2007 1153 2099; baseline -0.002 -25"><span class='ocrx_word' id='word_1_83' title='bbox 105 2009 254 2074; x_wconf 81' lang='lat' dir='ltr'>trimetros</span> <span class='ocrx_word' id='word_1_84' title='bbox 278 2025 311 2074; x_wconf 91' lang='lat' dir='ltr'>et</span> <span class='ocrx_word' id='word_1_85' title='bbox 336 2007 473 2073; x_wconf 86' lang='lat' dir='ltr'>totidem</span> <span class='ocrx_word' id='word_1_86' title='bbox 503 2026 705 2075; x_wconf 88' lang='lat' dir='ltr'>tetrametros</span> <span class='ocrx_word' id='word_1_87' title='bbox 733 2011 767 2073; x_wconf 92' lang='lat' dir='ltr'>in</span> <span class='ocrx_word' id='word_1_88' title='bbox 792 2009 921 2099; x_wconf 91' lang='lat' dir='ltr'>OEdipo</span> <span class='ocrx_word' id='word_1_89' title='bbox 947 2009 1153 2097; x_wconf 84' lang='lat' dir='ltr'>interposuit.</span> 
     </span>
     <span class='ocr_line' id='line_1_15' title="bbox 105 2115 955 2205; baseline 0.001 -25"><span class='ocrx_word' id='word_1_90' title='bbox 105 2115 178 2180; x_wconf 83' lang='lat' dir='ltr'>Sunt</span> <span class='ocrx_word' id='word_1_91' title='bbox 193 2131 344 2205; x_wconf 78' lang='lat' dir='ltr'>praeterea</span> <span class='ocrx_word' id='word_1_92' title='bbox 365 2136 481 2203; x_wconf 89' lang='lat' dir='ltr'>genera</span> <span class='ocrx_word' id='word_1_93' title='bbox 501 2116 721 2180; x_wconf 87' lang='lat' dir='ltr'>choriambico</span> <span class='ocrx_word' id='word_1_94' title='bbox 740 2116 848 2180; x_wconf 88' lang='lat' dir='ltr'>minus</span> <span class='ocrx_word' id='word_1_95' title='bbox 867 2133 955 2181; x_wconf 91' lang='lat' dir='ltr'>nota.</span> 
     </span>
    </p>
   </div>
   <div class='ocr_carea' id='block_1_7' title="bbox 107 2245 1154 2481">
    <p class='ocr_par' dir='ltr' id='par_1_10' title="bbox 107 2245 1154 2481">
     <span class='ocr_line' id='line_1_16' title="bbox 140 2245 1154 2370; baseline -0.002 -23"><span class='ocrx_word' id='word_1_96' title='bbox 140 2285 163 2348; x_wconf 93' lang='lat' dir='ltr'>l.</span> <span class='ocrx_word' id='word_1_97' title='bbox 185 2283 348 2364; x_wconf 87' lang='lat' dir='ltr'>Primum,</span> <span class='ocrx_word' id='word_1_98' title='bbox 366 2284 456 2370; x_wconf 92' lang='lat' dir='ltr'>quod</span> <span class='ocrx_word' id='word_1_99' title='bbox 477 2307 495 2348; x_wconf 87' lang='lat' dir='ltr'>e</span> <span class='ocrx_word' id='word_1_100' title='bbox 516 2284 734 2350; x_wconf 86' lang='lat' dir='ltr'>choriambico</span> <span class='ocrx_word' id='word_1_101' title='bbox 757 2245 897 2349; x_wconf 89' lang='lat' dir='ltr'>dimetro</span> <span class='ocrx_word' id='word_1_102' title='bbox 917 2300 1059 2365; x_wconf 83' lang='lat' dir='ltr'>constat,</span> <span class='ocrx_word' id='word_1_103' title='bbox 1084 2299 1154 2346; x_wconf 88' lang='lat' dir='ltr'>ete</span> 
     </span>
     <span class='ocr_line' id='line_1_17' title="bbox 107 2387 912 2481; baseline 0.001 -29"><span class='ocrx_word' id='word_1_104' title='bbox 107 2389 220 2454; x_wconf 89' lang='lat' dir='ltr'>duobus</span> <span class='ocrx_word' id='word_1_105' title='bbox 235 2387 373 2478; x_wconf 88' lang='lat' dir='ltr'>pedibus</span> <span class='ocrx_word' id='word_1_106' title='bbox 389 2389 505 2472; x_wconf 89' lang='lat' dir='ltr'>iambi,</span> <span class='ocrx_word' id='word_1_107' title='bbox 517 2413 593 2455; x_wconf 90' lang='lat' dir='ltr'>cum</span> <span class='ocrx_word' id='word_1_108' title='bbox 608 2391 727 2480; x_wconf 85' lang='lat' dir='ltr'>syllaba</span> <span class='ocrx_word' id='word_1_109' title='bbox 741 2389 912 2481; x_wconf 88' lang='lat' dir='ltr'>superflua.</span> 
     </span>
    </p>
   </div>
   <div class='ocr_carea' id='block_1_8' title="bbox 212 2533 792 2667">
    <p class='ocr_par' dir='ltr' id='par_1_11' title="bbox 212 2533 792 2667">
     <span class='ocr_line' id='line_1_18' title="bbox 223 2533 730 2570; baseline 0 -13"><span class='ocrx_word' id='word_1_110' title='bbox 223 2534 272 2570; x_wconf 63' lang='grc' dir='ltr'>,υ</span> <span class='ocrx_word' id='word_1_111' title='bbox 296 2533 317 2570; x_wconf 78' lang='lat'><em>0</em></span> <span class='ocrx_word' id='word_1_112' title='bbox 341 2539 357 2554; x_wconf 93' lang='lat'><em>.</em></span> <span class='ocrx_word' id='word_1_113' title='bbox 378 2533 399 2570; x_wconf 76' lang='lat'><em>0</em></span> <span class='ocrx_word' id='word_1_114' title='bbox 434 2539 450 2554; x_wconf 96' lang='lat'>.</span> <span class='ocrx_word' id='word_1_115' title='bbox 481 2541 497 2556; x_wconf 93' lang='lat'><strong>.</strong></span> <span class='ocrx_word' id='word_1_116' title='bbox 542 2542 558 2556; x_wconf 93' lang='lat'>.</span> <span class='ocrx_word' id='word_1_117' title='bbox 602 2543 618 2558; x_wconf 90' lang='lat'><em>.</em></span> <span class='ocrx_word' id='word_1_118' title='bbox 678 2543 683 2558; x_wconf 91' lang='lat'>.</span> <span class='ocrx_word' id='word_1_119' title='bbox 715 2544 730 2557; x_wconf 93' lang='lat'><em>.</em></span> 
     </span>
     <span class='ocr_line' id='line_1_19' title="bbox 212 2540 792 2667; baseline 0.003 -22"><span class='ocrx_word' id='word_1_120' title='bbox 212 2591 409 2648; x_wconf 80' lang='lat' dir='ltr'>indomitumre</span> <span class='ocrx_word' id='word_1_121' title='bbox 421 2592 520 2645; x_wconf 84' lang='lat' dir='ltr'>bellum</span> <span class='ocrx_word' id='word_1_122' title='bbox 534 2540 691 2667; x_wconf 68' lang='lat' dir='ltr'>perrumpibt</span> <span class='ocrx_word' id='word_1_123' title='bbox 704 2541 792 2648; x_wconf 59' lang='lat' dir='ltr'>omia.</span> 
     </span>
    </p>
   </div>
   <div class='ocr_carea' id='block_1_9' title="bbox 109 2715 1152 2885">
    <p class='ocr_par' dir='ltr' id='par_1_12' title="bbox 109 2715 1152 2885">
     <span class='ocr_line' id='line_1_20' title="bbox 141 2715 1152 2807; baseline -0.002 -29"><span class='ocrx_word' id='word_1_124' title='bbox 141 2715 180 2779; x_wconf 87' lang='lat' dir='ltr'>ll.</span> <span class='ocrx_word' id='word_1_125' title='bbox 199 2717 365 2800; x_wconf 80' lang='lat' dir='ltr'>Alterum,</span> <span class='ocrx_word' id='word_1_126' title='bbox 391 2715 523 2805; x_wconf 90' lang='lat' dir='ltr'>quode</span> <span class='ocrx_word' id='word_1_127' title='bbox 547 2719 752 2801; x_wconf 85' lang='lat' dir='ltr'>choriambo,</span> <span class='ocrx_word' id='word_1_128' title='bbox 776 2735 954 2807; x_wconf 75' lang='lat' dir='ltr'>anapesto,</span> <span class='ocrx_word' id='word_1_129' title='bbox 977 2732 1009 2780; x_wconf 94' lang='lat' dir='ltr'>et</span> <span class='ocrx_word' id='word_1_130' title='bbox 1033 2717 1152 2780; x_wconf 89' lang='lat' dir='ltr'>iterum</span> 
     </span>
     <span class='ocr_line' id='line_1_21' title="bbox 109 2817 288 2885; baseline 0.039 -7"><span class='ocrx_word' id='word_1_131' title='bbox 109 2817 288 2885; x_wconf 80' lang='lat' dir='ltr'>choriambo.</span> 
     </span>
    </p>
   </div>
   <div class='ocr_carea' id='block_1_10' title="bbox 211 2965 657 3097">
    <p class='ocr_par' dir='ltr' id='par_1_13' title="bbox 211 2965 657 3097">
     <span class='ocr_line' id='line_1_22' title="bbox 220 2965 657 3006; baseline 0.011 -19"><span class='ocrx_word' id='word_1_132' title='bbox 220 2965 429 3006; x_wconf 63' lang='lat' dir='ltr'><strong>⁸00·Q0</strong></span> <span class='ocrx_word' id='word_1_133' title='bbox 467 2969 657 3006; x_wconf 64' lang='grc' dir='ltr'>ιιυυα,</span> 
     </span>
     <span class='ocr_line' id='line_1_23' title="bbox 211 3022 641 3097; baseline 0.007 -22"><span class='ocrx_word' id='word_1_134' title='bbox 211 3022 339 3078; x_wconf 83' lang='lat' dir='ltr'>Extimuit</span> <span class='ocrx_word' id='word_1_135' title='bbox 352 3042 445 3078; x_wconf 79' lang='lat' dir='ltr'>manns</span> <span class='ocrx_word' id='word_1_136' title='bbox 460 3025 562 3079; x_wconf 86' lang='lat' dir='ltr'>insueta</span> <span class='ocrx_word' id='word_1_137' title='bbox 576 3027 641 3097; x_wconf 83' lang='lat' dir='ltr'>pati.</span> 
     </span>
    </p>
   </div>
   <div class='ocr_carea' id='block_1_11' title="bbox 110 3168 1152 3369">
    <p class='ocr_par' dir='ltr' id='par_1_14' title="bbox 110 3168 1152 3369">
     <span class='ocr_line' id='line_1_24' title="bbox 144 3168 1152 3263; baseline -0.002 -29"><span class='ocrx_word' id='word_1_138' title='bbox 144 3168 194 3234; x_wconf 90' lang='lat'><em>111.</em></span> <span class='ocrx_word' id='word_1_139' title='bbox 212 3171 378 3253; x_wconf 66' lang='lat' dir='ltr'>Tamum,</span> <span class='ocrx_word' id='word_1_140' title='bbox 400 3171 491 3259; x_wconf 88' lang='lat' dir='ltr'>quod</span> <span class='ocrx_word' id='word_1_141' title='bbox 512 3172 675 3262; x_wconf 89' lang='lat' dir='ltr'>prioribus</span> <span class='ocrx_word' id='word_1_142' title='bbox 705 3190 754 3238; x_wconf 85' lang='lat' dir='ltr'>est</span> <span class='ocrx_word' id='word_1_143' title='bbox 788 3175 889 3263; x_wconf 87' lang='lat' dir='ltr'>magis</span> <span class='ocrx_word' id='word_1_144' title='bbox 921 3173 1108 3262; x_wconf 85' lang='lat' dir='ltr'>vulgatum,</span> <span class='ocrx_word' id='word_1_145' title='bbox 1134 3192 1152 3232; x_wconf 86' lang='lat' dir='ltr'>e</span> 
     </span>
     <span class='ocr_line' id='line_1_25' title="bbox 110 3273 869 3369; baseline 0.012 -34"><span class='ocrx_word' id='word_1_146' title='bbox 110 3273 254 3360; x_wconf 81' lang='lat' dir='ltr'>spondeo,</span> <span class='ocrx_word' id='word_1_147' title='bbox 272 3276 482 3358; x_wconf 88' lang='lat' dir='ltr'>choriambo,</span> <span class='ocrx_word' id='word_1_148' title='bbox 499 3295 677 3367; x_wconf 81' lang='lat' dir='ltr'>anapaesto,</span> <span class='ocrx_word' id='word_1_149' title='bbox 696 3279 869 3369; x_wconf 83' lang='lat' dir='ltr'>tribrachy.</span> 
     </span>
    </p>
   </div>
   <div class='ocr_carea' id='block_1_12' title="bbox 213 3411 796 3542">
    <p class='ocr_par' dir='ltr' id='par_1_15' title="bbox 213 3411 796 3542">
     <span class='ocr_line' id='line_1_26' title="bbox 287 3411 784 3452; baseline 0.008 -6"><span class='ocrx_word' id='word_1_150' title='bbox 287 3419 303 3434; x_wconf 94' lang='lat'><strong>·</strong></span> <span class='ocrx_word' id='word_1_151' title='bbox 420 3411 469 3447; x_wconf 79' lang='grc' dir='ltr'>-υ</span> <span class='ocrx_word' id='word_1_152' title='bbox 493 3411 542 3448; x_wconf 79' lang='lat'>0·</span> <span class='ocrx_word' id='word_1_153' title='bbox 559 3412 580 3449; x_wconf 76' lang='grc' dir='ltr'><strong>υ</strong></span> <span class='ocrx_word' id='word_1_154' title='bbox 604 3416 651 3452; x_wconf 80' lang='grc' dir='ltr'>υ·</span> <span class='ocrx_word' id='word_1_155' title='bbox 676 3413 696 3450; x_wconf 78' lang='lat'><em>0</em></span> <span class='ocrx_word' id='word_1_156' title='bbox 726 3420 741 3434; x_wconf 93' lang='lat'><strong>·</strong></span> <span class='ocrx_word' id='word_1_157' title='bbox 763 3413 784 3450; x_wconf 80' lang='grc' dir='ltr'>υ</span> 
     </span>
     <span class='ocr_line' id='line_1_27' title="bbox 213 3467 796 3542; baseline 0.003 -22"><span class='ocrx_word' id='word_1_158' title='bbox 213 3467 249 3520; x_wconf 86' lang='lat' dir='ltr'>Ut</span> <span class='ocrx_word' id='word_1_159' title='bbox 260 3467 398 3541; x_wconf 83' lang='lat' dir='ltr'>qnondam</span> <span class='ocrx_word' id='word_1_160' title='bbox 411 3469 541 3525; x_wconf 79' lang='lat' dir='ltr'>ilercnlca</span> <span class='ocrx_word' id='word_1_161' title='bbox 553 3469 650 3523; x_wconf 84' lang='lat' dir='ltr'>cecidit</span> <span class='ocrx_word' id='word_1_162' title='bbox 663 3469 796 3542; x_wconf 85' lang='lat' dir='ltr'>pharetra.</span> 
     </span>
    </p>
   </div>
   <div class='ocr_carea' id='block_1_13' title="bbox 145 3562 1035 3658">
    <p class='ocr_par' dir='ltr' id='par_1_16' title="bbox 145 3562 1035 3658">
     <span class='ocr_line' id='line_1_28' title="bbox 145 3562 1035 3658; baseline 0.007 -33"><span class='ocrx_word' id='word_1_163' title='bbox 145 3562 353 3652; x_wconf 84' lang='lat' dir='ltr'>heperiuutur</span> <span class='ocrx_word' id='word_1_164' title='bbox 369 3566 462 3656; x_wconf 91' lang='lat' dir='ltr'>plura</span> <span class='ocrx_word' id='word_1_165' title='bbox 480 3567 513 3631; x_wconf 90' lang='lat' dir='ltr'>in</span> <span class='ocrx_word' id='word_1_166' title='bbox 529 3570 771 3658; x_wconf 80' lang='lat' dir='ltr'>Agamemnone</span> <span class='ocrx_word' id='word_1_167' title='bbox 785 3567 883 3648; x_wconf 85' lang='lat' dir='ltr'>hujus</span> <span class='ocrx_word' id='word_1_168' title='bbox 900 3567 1035 3657; x_wconf 83' lang='lat' dir='ltr'>generis.</span> 
     </span>
    </p>
   </div>
   <div class='ocr_carea' id='block_1_14' title="bbox 31 3719 1155 4027">
    <p class='ocr_par' dir='ltr' id='par_1_17' title="bbox 31 3719 1155 4027">
     <span class='ocr_line' id='line_1_29' title="bbox 146 3719 1155 3814; baseline 0.008 -32"><span class='ocrx_word' id='word_1_169' title='bbox 146 3719 194 3785; x_wconf 83' lang='lat' dir='ltr'>lv.</span> <span class='ocrx_word' id='word_1_170' title='bbox 211 3723 389 3807; x_wconf 88' lang='lat' dir='ltr'>Quartum,</span> <span class='ocrx_word' id='word_1_171' title='bbox 407 3725 498 3813; x_wconf 89' lang='lat' dir='ltr'>quod</span> <span class='ocrx_word' id='word_1_172' title='bbox 515 3749 533 3792; x_wconf 88' lang='lat' dir='ltr'>e</span> <span class='ocrx_word' id='word_1_173' title='bbox 549 3725 745 3791; x_wconf 90' lang='lat' dir='ltr'>choriambis</span> <span class='ocrx_word' id='word_1_174' title='bbox 760 3727 794 3790; x_wconf 91' lang='lat' dir='ltr'>in</span> <span class='ocrx_word' id='word_1_175' title='bbox 815 3724 891 3790; x_wconf 87' lang='lat' dir='ltr'>sede</span> <span class='ocrx_word' id='word_1_176' title='bbox 908 3725 1012 3814; x_wconf 91' lang='lat' dir='ltr'>prima</span> <span class='ocrx_word' id='word_1_177' title='bbox 1032 3742 1065 3790; x_wconf 91' lang='lat' dir='ltr'>et</span> <span class='ocrx_word' id='word_1_178' title='bbox 1083 3723 1155 3790; x_wconf 85' lang='lat' dir='ltr'>ulti·</span> 
     </span>
     <span class='ocr_line' id='line_1_30' title="bbox 107 3829 1153 3922; baseline 0.007 -35"><span class='ocrx_word' id='word_1_179' title='bbox 107 3829 213 3906; x_wconf 88' lang='lat' dir='ltr'>ma,in</span> <span class='ocrx_word' id='word_1_180' title='bbox 238 3830 378 3895; x_wconf 88' lang='lat' dir='ltr'>secunda</span> <span class='ocrx_word' id='word_1_181' title='bbox 399 3832 524 3915; x_wconf 90' lang='lat' dir='ltr'>iambo,</span> <span class='ocrx_word' id='word_1_182' title='bbox 551 3833 584 3897; x_wconf 91' lang='lat' dir='ltr'>in</span> <span class='ocrx_word' id='word_1_183' title='bbox 608 3834 702 3898; x_wconf 90' lang='lat' dir='ltr'>tertia</span> <span class='ocrx_word' id='word_1_184' title='bbox 725 3831 873 3922; x_wconf 87' lang='lat' dir='ltr'>spondeo</span> <span class='ocrx_word' id='word_1_185' title='bbox 896 3848 1039 3914; x_wconf 84' lang='lat' dir='ltr'>constat3</span> <span class='ocrx_word' id='word_1_186' title='bbox 1061 3831 1153 3912; x_wconf 87' lang='lat' dir='ltr'>cnjus</span> 
     </span>
     <span class='ocr_line' id='line_1_31' title="bbox 31 3929 758 4027; baseline 0.014 -35"><span class='ocrx_word' id='word_1_187' title='bbox 31 3945 32 3960; x_wconf 64' lang='lat'>¹</span> <span class='ocrx_word' id='word_1_188' title='bbox 107 3929 229 3998; x_wconf 88' lang='lat' dir='ltr'>unicum</span> <span class='ocrx_word' id='word_1_189' title='bbox 246 3951 348 4000; x_wconf 85' lang='lat' dir='ltr'>exstat</span> <span class='ocrx_word' id='word_1_190' title='bbox 363 3937 548 4026; x_wconf 82' lang='lat' dir='ltr'>exemplum</span> <span class='ocrx_word' id='word_1_191' title='bbox 562 3939 596 4002; x_wconf 91' lang='lat' dir='ltr'>in</span> <span class='ocrx_word' id='word_1_192' title='bbox 613 3937 758 4027; x_wconf 85' lang='lat' dir='ltr'>OEdipo,</span> 
     </span>
    </p>
   </div>
   <div class='ocr_carea' id='block_1_15' title="bbox 221 4069 791 4198">
    <p class='ocr_par' dir='ltr' id='par_1_18' title="bbox 221 4069 791 4198">
     <span class='ocr_line' id='line_1_32' title="bbox 244 4069 789 4108; baseline -0.009 -11"><span class='ocrx_word' id='word_1_193' title='bbox 244 4070 458 4108; x_wconf 76' lang='lat'><em>-00.0.</em></span> <span class='ocrx_word' id='word_1_194' title='bbox 497 4080 558 4095; x_wconf 90' lang='lat'>..</span> <span class='ocrx_word' id='word_1_195' title='bbox 622 4081 638 4094; x_wconf 95' lang='lat'>.</span> <span class='ocrx_word' id='word_1_196' title='bbox 679 4069 699 4105; x_wconf 62' lang='grc' dir='ltr'>υ</span> <span class='ocrx_word' id='word_1_197' title='bbox 741 4069 789 4105; x_wconf 74' lang='lat'>0.</span> 
     </span>
     <span class='ocr_line' id='line_1_33' title="bbox 221 4127 791 4198; baseline -0.011 -12"><span class='ocrx_word' id='word_1_198' title='bbox 221 4127 284 4194; x_wconf 71' lang='lat' dir='ltr'>Qu</span> <span class='ocrx_word' id='word_1_199' title='bbox 298 4131 346 4184; x_wconf 82' lang='lat' dir='ltr'>tihi</span> <span class='ocrx_word' id='word_1_200' title='bbox 360 4131 464 4185; x_wconf 82' lang='lat' dir='ltr'>nobiles</span> <span class='ocrx_word' id='word_1_201' title='bbox 470 4131 585 4198; x_wconf 72' lang='lat' dir='ltr'>Theba,</span> <span class='ocrx_word' id='word_1_202' title='bbox 599 4129 701 4186; x_wconf 81' lang='lat' dir='ltr'>Bacche</span> <span class='ocrx_word' id='word_1_203' title='bbox 709 4168 718 4196; x_wconf 93' lang='lat'>,</span> <span class='ocrx_word' id='word_1_204' title='bbox 732 4142 791 4183; x_wconf 78' lang='lat' dir='ltr'>tute.</span> 
     </span>
    </p>
   </div>
   <div class='ocr_carea' id='block_1_16' title="bbox 968 4213 1014 4288">
    <p class='ocr_par' dir='ltr' id='par_1_19' title="bbox 968 4213 1014 4288">
     <span class='ocr_line' id='line_1_34' title="bbox 968 4213 1014 4288; baseline 0 -25"><span class='ocrx_word' id='word_1_205' title='bbox 968 4213 1014 4288; x_wconf 68' lang='grc' dir='ltr'>ὴῧ</span> 
     </span>
    </p>
   </div>
   <div class='ocr_carea' id='block_1_17' title="bbox 0 0 1603 5138">
    <p class='ocr_par' dir='ltr' id='par_1_20' title="bbox 0 0 1603 5138">
     <span class='ocr_line' id='line_1_35' title="bbox 0 0 1603 5138; baseline 0 0"><span class='ocrx_word' id='word_1_206' title='bbox 0 0 1603 5138; x_wconf 95' lang='lat' dir='ltr'> </span> 
     </span>
    </p>
   </div>
  </div>
 </body>
</html>
