3168 5140
279 532 284 542 ’
387 511 459 584 262
652 509 705 580 'L.
737 513 912 582 ANNAEI
943 515 1162 584 SENECAE

438 642 535 712 Ultra
551 645 653 712 Getas
674 656 816 712 metatur
836 657 869 711 et
888 644 1026 712 Parthos
1047 670 1144 738 ager:

438 751 516 818 Non
535 764 608 818 ture
629 746 786 835 colimur,
805 772 866 817 nec
888 773 988 832 meae,
1010 748 1142 820 excluso
1163 753 1267 834 Jove,

440 857 612 922 Ornantur
628 877 693 922 arae
709 880 716 921 :
733 853 823 922 nulla
841 852 1038 926 culminibus
1059 857 1139 925 meis

440 962 599 1055 Imposito
621 975 716 1028 nutat
736 957 837 1048 silva,
860 984 920 1028 nec
943 959 1072 1029 fumum
1093 987 1192 1031 manu
1408 991 1445 1035 sss

388 1166 435 1198 uua
447 1167 512 1198 crarta
521 1147 600 1216 fieret.
616 1148 670 1199 Aut
685 1147 822 1210 translate,
836 1147 854 1200 i.
869 1166 893 1199 c.
938 1146 1087 1217 possuntde
1095 1147 1248 1199 Domitiano
1258 1147 1314 1200 ltaec
1321 1147 1446 1218 accipere,

388 1225 420 1278 iis
437 1226 560 1279 omnibus
575 1244 634 1296 qne
650 1225 791 1278 conferunt
804 1237 895 1296 gentes
937 1227 984 1299 qui
1003 1227 1111 1279 nonnisi
1133 1226 1263 1278 exstincto
1285 1225 1446 1297 philosopho

388 1304 430 1356 rel
441 1305 622 1358 remotissime
633 1303 665 1356 ad
677 1304 834 1376 explendam
846 1325 894 1358 uo·
937 1305 1076 1376 imperavit
1090 1317 1115 1358 et
1131 1304 1237 1360 divinos
1252 1305 1370 1357 honores
1384 1306 1445 1357 asfe-

388 1397 467 1452 stram
487 1383 634 1437 libidinem.
650 1385 711 1436 Seu.
731 1384 817 1455 Epist.
839 1385 893 1438 50:
937 1383 1019 1437 ctarit
1033 1379 1116 1445 (Suet.
1129 1385 1157 1436 in
1170 1383 1271 1436 Domit.
1286 1381 1346 1446 13):
1359 1382 1446 1436 necde

392 1489 403 1510 ι
420 1463 535 1532 Quamdiu
560 1467 629 1516 unitas
650 1483 735 1516 mense
749 1464 895 1529 frumentum
937 1463 1063 1528 Nerone,
1078 1463 1121 1516 cui
1137 1463 1245 1515 nonnmi
1263 1473 1324 1533 post
1342 1462 1445 1516 Seneca

388 1543 463 1595 multa
479 1547 586 1612 nauigia,
603 1555 627 1594 et
638 1562 686 1594 nort
700 1542 792 1613 qut'dem
806 1563 836 1594 ea
849 1562 896 1594 utto
937 1560 1045 1605 necem,
1063 1542 1173 1596 Cerialis
1188 1541 1299 1595 anicius
1318 1543 1444 1614 templum

389 1625 451 1674 muri
457 1663 465 1688 ,
478 1623 648 1675 subaeleatt’...
659 1623 727 1674 ltama
740 1633 763 1673 et
777 1635 840 1673 terra
847 1639 895 1692 pa·
957 1623 1046 1675 nblica
1057 1621 1170 1692 pecunia
1181 1619 1337 1692 ponendum
1348 1623 1445 1674 censuit

388 1707 462 1753 scitur
475 1715 499 1753 et
512 1707 581 1754 mari.
598 1701 667 1770 Quid
678 1709 757 1770 ergo?
769 1713 816 1752 tam
830 1705 895 1754 iasa·
937 1640 1036 1767 l'racit.
1051 1701 1144 1753 Annal.
1157 1702 1219 1763 XV,
1232 1699 1290 1770 74).
1304 1699 1357 1753 Sed
1371 1699 1405 1753 ad
1416 1703 1444 1755 C.

389 1781 493 1833 tiabilem
502 1781 569 1834 uobis
578 1781 749 1832 alaumaatutu
759 1781 834 1842 dedit,
845 1793 894 1832 etc.
939 1781 1005 1833 Cast.
1019 1781 1166 1851 Caligulam
1177 1799 1206 1833 ea
1218 1781 1310 1832 referri
1323 1794 1446 1850 possunt,

388 1861 479 1913 Manil.
495 1861 531 1924 V,
554 1859 609 1914 368
631 1879 638 1912 :
659 1887 670 1907 ι
683 1861 771 1930 Atque
790 1859 846 1912 hec
869 1859 895 1912 in
939 1857 1045 1934 dequo
1064 1859 1173 1912 Sueton.
1190 1854 1205 1918 S
1223 1878 1257 1911 aa
1282 1878 1288 1911 :
1305 1859 1446 1911 Admonitus

387 1940 481 1993 luxum
503 1957 509 1991 :
530 1941 584 2010 jam
606 1939 693 1992 ventri
713 1939 817 2010 longius
841 1939 896 1990 itur
939 1941 1446 2008 etprimipumetragamseeacesstksasa-

388 2019 475 2084 Quam
490 2017 572 2072 modo
586 2020 687 2072 militie
701 2040 706 2070 ι
722 2017 897 2074 Numidarum
939 2022 1049 2088 utigitur,
1060 2017 1165 2069 dt'rirraot
1174 2038 1204 2069 ee
1214 2037 1242 2068 eo
1253 2019 1400 2086 majestatem
1409 2039 1446 2069 as·

386 2101 520 2169 pascimur
530 2099 599 2162 oris,
610 2095 736 2151 Phasidos
746 2110 772 2149 et
783 2096 896 2162 damnis,
939 2117 1015 2148 terete
1029 2097 1076 2148 sili
1090 2100 1172 2166 capit.
1181 2137 1200 2149 ..
1211 2136 1217 2148 .
1239 2097 1361 2167 Templum
1379 2104 1447 2148 etiam

386 2191 436 2231 etc.
448 2205 458 2225 ι
471 2179 487 2230 J
490 2196 567 2230 uren.
580 2179 617 2242 V,
628 2197 663 2247 97
676 2196 682 2230 :
695 2177 824 2229 «iustruit
834 2195 897 2247 ergo
939 2179 1030 2231 numini
1048 2196 1091 2228 suo
1103 2181 1226 2246 proprium
1242 2187 1265 2226 et
1280 2177 1412 2228 sacerdotes
1426 2191 1447 2228 et

388 2258 477 2310 locum
489 2257 638 2330 provincia,
647 2269 697 2308 etc.
708 2283 718 2303 ι
735 2257 832 2309 Lucan.
846 2255 897 2318 lV,
939 2259 1152 2324 excogitatissimas
1165 2255 1254 2306 hostias
1267 2257 1388 2316 instituit,
1401 2270 1445 2308 etc.

392 2339 447 2406 373
460 2356 467 2388 :
479 2337 520 2388 -O
531 2335 642 2408 prodiga
656 2355 745 2390 rerum
753 2335 896 2388 Luxuries!
940 2368 979 2377 -
993 2335 1101 2387 Eaeltuo
1118 2335 1185 2386 Jove.
1204 2335 1276 2388 Suet.
1297 2347 1387 2387 narrat
1406 2355 1447 2387 eo·

389 2435 525 2486 nunquam
543 2433 625 2486 parvo
644 2426 769 2467 contenta
788 2425 897 2485 paratu,
940 2413 1001 2466 dem
1010 2415 1084 2481 loco,
1096 2414 1217 2485 Olympii
1224 2413 1299 2466 tovi·
1309 2414 1448 2468 simulacro

299 2503 304 2518 ‘
390 2497 424 2548 Et
436 2496 606 2566 quaesitorum
622 2506 689 2546 terra
703 2495 849 2564 pelagoque
861 2494 897 2546 ci·
940 2512 955 2546 e
967 2494 1068 2547 Graecia
1082 2493 1208 2546 translato
1220 2507 1300 2564 caput
1312 2491 1447 2565 demptum

390 2576 487 2627 borum
501 2574 646 2626 Ambitiosa
662 2572 758 2636 sames,
774 2585 801 2624 et
819 2574 898 2626 lautu
941 2586 967 2625 et
985 2574 1087 2626 vultum
1107 2573 1164 2626 Caii
1183 2571 1355 2642 impositum
1376 2593 1450 2644 quos-

389 2653 471 2723 gloria
485 2671 598 2712 mense,
611 2651 710 2704 Discite
722 2669 802 2722 quam
815 2669 897 2722 parvo
940 2649 1000 2704 dam
1016 2652 1104 2723 ipsum
1120 2652 1307 2722 imperatorem
1324 2652 1448 2705 Latialem

389 2733 465 2786 liceat
481 2730 630 2803 producere
648 2729 744 2795 vitam,
762 2731 796 2782 Et
814 2749 896 2801 quan·
939 2731 1033 2784 Jorem
1046 2732 1210 2786 consalutare
1223 2731 1328 2793 solitos,
1345 2744 1396 2784 etc.

390 2824 445 2864 tum
461 2825 554 2865 natura
568 2823 647 2882 petat.
660 2837 671 2858 ι
983 2814 1049 2874 464.
1063 2811 1139 2863 Nulla
1149 2809 1298 2873 culminibus,
1311 2823 1364 2863 etc.
1375 2809 1447 2862 Falso

430 2895 495 2954 tos.
511 2891 632 2943 Mutatur.
644 2931 650 2942 .
661 2910 741 2962 ,agen
756 2890 830 2942 Licet
844 2891 898 2962 ple·
940 2891 1051 2962 interpr.
1069 2890 1130 2962 gall.
1147 2889 1253 2959 Coupe':
1269 2889 1300 2941 Je
1318 2891 1374 2941 n'ai
1384 2893 1450 2960 point

389 2989 501 3043 rumque
513 2971 648 3041 deponentis
659 2969 728 3022 cardi
736 2968 791 3021 vim
802 2969 897 3022 lrabeat
939 2969 969 3020 de
981 2969 1090 3040 superbes
1097 2971 1176 3036 sore‘ts
1193 2980 1281 3022 autour
1293 2970 1323 3020 de
1337 2989 1377 3020 ma
1392 2974 1447 3020 mai·

389 3063 472 3113 metor,
488 3063 575 3104 tamen
591 3063 617 3102 et
630 3067 822 3118 nonnunquam
838 3067 896 3119 pas·
942 3068 995 3101 son.
1013 3049 1133 3120 Intellige
1150 3048 1256 3101 aitvutas
1274 3048 1302 3100 in
1323 3049 1387 3119 ipsis
1404 3049 1448 3100 do·

390 3131 444 3182 sive
461 3143 606 3201 usurpatur
622 3147 629 3180 :
648 3128 685 3180 sic
699 3127 769 3180 llirt.
786 3126 820 3180 de
833 3129 896 3180 bell.
940 3147 1045 3180 morum
1066 3126 1174 3198 fastigiis
1193 3127 1316 3180 consitas.
1339 3129 1448 3188 Seneca,

390 3211 459 3263 Gall.
474 3209 558 3272 VIII,
575 3209 624 3270 15,
636 3211 720 3258 castris
737 3225 765 3257 eo
783 3207 835 3258 loco
849 3227 896 3258 me·
940 3207 1025 3277 Epist.
1044 3207 1181 3261 123:Noo
1193 3212 1276 3260 vivunt
1286 3220 1448 3260 contrariatu-

391 3293 455 3342 tatis.
479 3287 583 3341 Dicitur
606 3298 692 3338 autem
715 3305 777 3356 ager
796 3290 896 3350 metari,
943 3305 1006 3348 ram,
1023 3290 1065 3357 qui
1075 3290 1186 3357 pomaria
1200 3289 1224 3338 itt
1238 3290 1334 3338 summis
1350 3287 1449 3339 turribus

389 3370 437 3439 qui
455 3379 516 3438 apte
532 3365 697 3438 disponitur,
715 3364 898 3430 distribuitur,
942 3377 1032 3431 seruat,
1042 3385 1139 3437 quorum
1149 3366 1246 3418 siluoeia
1256 3370 1322 3418 tectis
1331 3367 1449 3418 mororum

390 3447 495 3500 colitur.
508 3447 583 3516 Virg.
597 3446 696 3515 Georg.
708 3445 750 3508 ΙΙ,
765 3451 819 3513 ²74
832 3461 839 3496 :
854 3444 899 3498 -si
942 3465 972 3498 ac
978 3447 1089 3515 fastigiis
1100 3451 1209 3498 nutant?
1219 3457 1270 3498 etc.
1284 3445 1386 3498 Tibull.
1397 3447 1450 3508 111,

389 3527 495 3597 pinguis
502 3545 577 3596 agros
586 3525 718 3578 metabere
726 3523 823 3594 campi,
831 3525 900 3578 Den-
942 3525 1008 3595 eleg.
1023 3525 1054 3590 3,
1071 3525 1103 3578 1⁵
1119 3543 1126 3578 :
1142 3525 1192 3578 ·Et
1204 3543 1314 3577 nemora
1327 3525 1355 3577 in
1369 3523 1450 3578 domi·

391 3625 417 3660 sa
431 3624 496 3660 sere.
508 3633 519 3654 ι
942 3605 993 3664 bus
1007 3623 1093 3656 meros
1106 3603 1236 3658 imitantia
1247 3604 1331 3656 lucos.
1344 3630 1355 3651 ·

430 3687 496 3747 tot.
518 3687 574 3739 Non
592 3697 643 3737 ture
660 3685 766 3736 colimur.
788 3684 897 3736 Notavit
984 3683 1048 3746 465.
1065 3683 1115 3736 Nec
1123 3685 1231 3750 sumant,
1246 3695 1296 3736 etc.
1309 3685 1349 3736 De
1362 3683 1450 3736 vastis·

389 3765 523 3836 Scaliger:
541 3761 597 3816 „td
609 3765 743 3817 Neronem
757 3782 789 3815 an
804 3763 896 3815 Domi·
941 3761 1015 3817 timis
1046 3763 1228 3815 Romanorum
1257 3763 1450 3836 Imperatorum

389 3841 491 3896 tianum
504 3841 897 3906 referendahtecsint,viderit
941 3840 1051 3893 thermis
1071 3843 1127 3894 hec
1148 3839 1316 3912 accipienda,
1341 3841 1377 3894 de
1396 3842 1450 3912 qni-

388 3921 510 3976 eruditus
531 3924 623 3976 lector.
646 3923 725 3974 Certe
747 3923 895 3974 Romanum
940 3920 990 3973 hus
1000 3921 1108 3985 Seneca,
1122 3921 1181 3974 loco
1194 3939 1283 3990 nuper
1293 3921 1374 3974 citato
1383 3939 1390 3972 :
1400 3922 1452 3972 Noa

388 4005 579 4072 Imperatorem
603 4001 658 4052 hec
682 4013 817 4072 spectant,
840 4019 895 4053 non
941 4003 1027 4052 uiuunt
1046 4012 1129 4051 contra
1151 4013 1278 4062 emtarum,
1303 4005 1346 4070 qai
1359 4000 1451 4066 smida-

386 4081 494 4134 alium.·
507 4081 559 4146 Qui
571 4091 665 4152 putant
675 4079 828 4150 tragoediam
840 4079 898 4151 phi·
942 4093 1020 4132 menta
1032 4081 1174 4132 thermarum
1187 4084 1212 4132 ia
1226 4081 1402 4148 marejaeitmt,
1413 4099 1453 4130 aec

384 4161 498 4232 losopho
507 4161 611 4214 Seneca
621 4157 833 4224 attribuendam,
842 4177 897 4213 non
942 4159 1043 4212 delicate
1056 4172 1140 4212 natare
1152 4162 1198 4229 ipsi
1210 4158 1256 4212 sttt
1267 4157 1392 4218 uideatur,
1408 4161 1454 4214 nist
