3090 5142
372 457 469 530 lxxiv
640 453 884 532 HISTORICA
909 457 967 530 ET
992 459 1175 564 CRITIGA

372 605 455 672 tegre
480 579 621 648 collecta.
649 582 731 664 Qum
755 597 928 670 postquam
951 598 1026 648 aute
1054 582 1153 672 pedet
1174 577 1291 650 'lhetei
1314 600 1448 675 aggesta

372 705 466 772 suut,
485 685 642 752 exclamat
656 685 729 750 ille:

513 856 672 930 Hippolytus
684 855 729 910 hic
741 855 797 910 eat?
816 855 916 910 crimen
933 873 1049 928 ngnotoo
1061 871 1165 924 ¹autentu.

510 947 567 1018 Ego
584 957 609 1000 te
623 943 724 1016 peremi
739 961 747 996 ε
764 962 817 996 neu
834 961 932 998 nocent
945 953 1049 997 tautum
1068 945 1150 998 temel

508 1033 619 1087 Solunte
632 1031 745 1094 flerent,
760 1029 863 1084 lacinut
882 1048 996 1086 tuturus
1009 1049 1123 1104 parent,
1142 1023 1146 1036 ’

509 1124 610 1176 Pauem
624 1118 755 1174 advocavi
768 1137 895 1177 :munere
910 1120 1043 1192 cupatrio
1056 1121 1139 1181 fruor.

511 1211 536 1264 0
550 1211 625 1264 triete
636 1207 727 1264 fructi·
739 1207 842 1262 orbitat
859 1207 938 1262 anni·
952 1209 1069 1264 malon!

511 1299 692 1370 Compleetere
705 1307 794 1359 anno,
809 1293 937 1368 quodque
950 1294 986 1350 de
998 1308 1062 1350 utto
1075 1309 1115 1352 ott
1127 1315 1223 1366 anper,

510 1386 679 1448 Miseram,
697 1397 787 1440 muto
800 1397 905 1458 pectore
919 1385 1075 1440 incumbent
1089 1386 1158 1440 lore.

510 1476 621 1548 Diajecta
636 1475 742 1547 genitor
758 1471 878 1530 membra
890 1473 971 1528 laceri
988 1475 1109 1548 corporia

508 1563 539 1616 ln
554 1562 677 1616 ordinem
695 1561 820 1635 diopoue,
841 1575 867 1616 et
880 1573 998 1618 mantea
1014 1563 1074 1617 loco

508 1653 624 1706 Restituit
643 1663 741 1724 parter.
751 1652 839 1706 Fortia
851 1652 894 1706 hic
909 1651 1008 1706 dextro
1021 1653 1098 1708 locut
1113 1669 1121 1716 ς

509 1739 559 1792 llic
575 1739 640 1794 laeva
654 1737 737 1794 lreoit
746 1737 823 1794 detta
839 1737 1011 1796 moderandis
1024 1753 1119 1795 munt

508 1826 645 1882 Ponenda.
664 1826 735 1880 Lavi
748 1825 837 1882 lateri·
851 1844 966 1900 agnotco
984 1838 1068 1883 notat.

492 1917 592 2002 'Quam
611 1932 707 1988 magua
720 1914 845 1988 lacrymis
858 1932 918 1986 part
933 1913 1021 1968 adhuc
1040 1914 1136 1970 uottrit
1150 1909 1247 1967 abertl

507 2007 605 2058 Durate
617 1997 726 2076 trepidat
740 2003 848 2074 lugubri
863 2001 955 2056 officio
970 2022 1080 2066 manus,

507 2091 647 2163 Fletueque
659 2091 745 2163 larflot
758 2091 841 2145 tiatitt
855 2103 959 2145 arentes
973 2109 1067 2164 genae,

508 2177 579 2226 Dum
595 2173 715 2228 membra
733 2183 797 2228 ueto
810 2173 915 2246 genitor
931 2184 1092 2229 annumerat
1108 2191 1172 2239 tuo,

507 2261 667 2333 Corpuaque
680 2261 764 2334 dogit.
777 2261 836 2318 Hoc
848 2261 913 2334 quid
926 2275 965 2316 eat
983 2261 1070 2316 forma
1083 2279 1194 2325 went,

506 2351 539 2404 Et
552 2361 628 2422 turpe
641 2350 727 2402 multo
742 2349 854 2402 vulnere
867 2349 1010 2424 abruptum
1024 2348 1159 2422 undique?

506 2439 573 2504 Qun
586 2456 646 2510 paru
658 2437 696 2489 tui
710 2436 745 2489 ait
757 2436 865 2502 dubito,
881 2436 926 2490 red
939 2455 1002 2508 part
1017 2447 1056 2489 eet
1068 2435 1116 2489 toi.

506 2525 573 2590 llic,
587 2525 631 2578 hio
646 2543 762 2598 repone,
782 2544 837 2579 uon
850 2543 915 2591 auo,
937 2532 964 2578 at
976 2543 1062 2580 vacuo
1075 2525 1145 2578 loco.

411 2681 524 2762 Quum
542 2675 624 2742 adeo
645 2675 809 2741 horrenda
827 2675 869 2742 sit
888 2675 958 2742 haec
979 2699 1075 2744 scena
1092 2693 1125 2741 ot
1142 2675 1302 2742 inusitatae
1320 2675 1439 2744 imma·

367 2785 493 2865 nitatis,
516 2782 589 2870 quia
610 2780 720 2846 credat
735 2802 807 2846 eam
823 2778 898 2846 ideo
917 2780 1087 2869 scriptam,
1110 2797 1150 2845 ut
1165 2779 1338 2869 spectanda
1356 2805 1437 2871 pro-

368 2885 564 2981 poneretur?

419 2989 705 3080 Quemadmodum
725 2991 760 3055 in
775 2991 954 3079 Hippolyto
971 2991 1092 3058 &neca
1111 2989 1228 3058 indolis
1251 2991 1336 3058 illiue
1357 3013 1437 3058 vere

366 3103 511 3168 femineae
526 3098 699 3186 imaginem
718 3095 870 3162 consulto
886 3097 1043 3180 removit,
1059 3119 1157 3186 quam
1174 3097 1240 3177 jam
1256 3097 1436 3164 adumbra-

363 3227 452 3276 verat
471 3205 678 3286 mollissimus
699 3204 961 3293 tenerrimuaque
979 3220 1150 3294 poetarum
1170 3204 1362 3294 Euripideat3
1386 3207 1436 3272 sic

361 3319 396 3380 io
411 3315 525 3379 OEtaeo
534 3311 688 3392 Hercule,
703 3303 861 3392 llejauirm
874 3331 1058 3398 personam,
1071 3333 1171 3376 unam
1182 3311 1267 3380 inter
1280 3313 1437 3402 insignio·

364 3445 413 3486 res
427 3441 506 3508 quaa
518 3417 694 3505 Sophocles
709 3415 892 3506 descripsit,
906 3417 1041 3482 omuino
1055 3415 1437 3500 deformavissevidetur,¹

363 3544 401 3592 ut
419 3524 613 3590 rhetoricam
631 3522 893 3586 exercitationem
911 3520 1085 3602 adjuvaret
1103 3522 1202 3606 Quod
1218 3523 1253 3586 in
1268 3522 1435 3610 Sophocle

362 3629 554 3696 acerrimum
571 3643 620 3692 est
636 3643 668 3691 et
683 3627 971 3708 violentissimum,
988 3626 1166 3694 invalidum
1183 3643 1216 3691 et
1231 3647 1348 3691 enerve
1365 3629 1434 3692 exi·

236 3809 241 3816 ,
361 3735 661 3804 stimavitromanus
675 3731 886 3800 declamator:
896 3735 1194 3824 vehementioribus
1204 3733 1247 3800 illi
1259 3735 1433 3800 affectibus

361 3865 443 3931 opus
463 3841 543 3920 luit,
561 3855 599 3904 ut
615 3837 739 3902 coloret
756 3860 835 3904 suos
850 3840 988 3928 pleniori
1006 3839 1091 3929 stylo
1110 3839 1344 3928 profunderet:
1365 3842 1433 3904 De·

356 3951 491 4028 jaaniram
519 3945 638 4034 igitur,
664 3967 736 4032 quae
764 3944 939 4031 patientius
964 3946 1088 4036 agitio
1116 3946 1295 4034 Sophocle,
1316 3947 1433 4010 incana

358 4056 521 4118 lucentem
535 4050 693 4139 zelotypia
711 4049 853 4115 exhibet.
