3090 5142
493 475 803 544 DlSSERTATIO.
1105 504 1175 548 xxv

102 595 187 661 dium
206 595 377 677 inculcat,
396 617 458 660 nec
477 596 620 677 invenit,
636 596 694 660 sed
710 596 820 684 arripit
839 619 846 661 :
868 619 934 660 non
954 611 1019 660 tam
1039 620 1095 662 sua
1109 601 1176 664 for-

102 721 178 766 tasse
201 725 308 790 quam
327 702 387 765 aevi
406 701 521 790 culpa,
547 701 600 765 cui
617 700 843 765 scholasticum
861 717 893 764 et
911 700 1175 769 declamatorium

103 812 161 874 boc
184 803 295 899 g'enus
321 809 367 872 ita
391 807 538 896 placuit,
569 821 607 871 ut
622 831 751 896 operum
776 811 914 871 omnium
946 807 1061 896 (Fabii
1079 813 1177 876 verba

103 914 200 1002 sunt)
221 913 329 978 solam
352 915 505 978 virtutem
522 915 688 976 sententias
698 927 861 1001 putarent.
886 913 962 976 Haec
980 930 1084 996 noto,
1108 939 1176 980 non

104 1037 138 1085 ut
150 1037 231 1084 nota
245 1035 380 1110 poetam
393 1018 485 1082 illum
500 1017 653 1100 alliciam,
671 1016 728 1082 sed
741 1036 779 1083 ut
790 1034 822 1084 te
837 1019 974 1083 formem
989 1044 998 1084 τ
1011 1020 1177 1112 discasque

1 1143 2 1146 ’
101 1126 244 1208 judicio,
275 1148 346 1189 non
370 1122 578 1216 praejudicio,
604 1124 670 1206 uti,
702 1145 763 1188 nec
781 1125 909 1214 signare
931 1126 1037 1191 statim
1066 1130 1176 1192 omnia

1 1259 2 1264 ¹
104 1236 186 1299 linea
204 1234 292 1297 alba.

146 1341 300 1404 Alterum
320 1337 491 1444 quesitum
515 1336 555 1401 de
580 1335 695 1402 ordine
714 1350 762 1400 est
783 1361 791 1401 :
815 1338 945 1402 frustra.
974 1337 1064 1422 Quid
1090 1342 1176 1406 enim

106 1445 230 1511 baeres?
242 1467 306 1510 nec
319 1467 407 1508 unus
421 1445 456 1507 in
471 1443 560 1507 libris
577 1443 767 1530 est(omnes
782 1443 1011 1530 ferevariant),
1025 1467 1086 1509 nec
1102 1469 1177 1512 sane

106 1553 216 1617 refert.
242 1551 282 1614 Iu
308 1551 425 1614 Plauto
457 1547 497 1612 ad
520 1548 645 1612 literam
668 1546 833 1612 comoediae
859 1535 1081 1637 disponuntur
1105 1575 1113 1616 ε
1142 1568 1179 1616 tu

107 1660 203 1738 istas,
228 1671 268 1720 ut
284 1656 384 1719 voles.
408 1654 494 1719 Nam
511 1654 544 1717 in
561 1669 708 1742 tempora
724 1652 882 1742 cujusque
896 1655 1012 1720 fabulae
1028 1654 1109 1744 quid
1126 1658 1179 1721 in-

109 1763 244 1852 quiras?
271 1780 509 1850 supervacuum
532 1776 590 1824 est.
613 1760 777 1848 Sequere,
806 1761 833 1824 si
853 1739 993 1826 bmnino
1019 1762 1141 1851 aliquid
1161 1785 1181 1828 a

109 1893 162 1934 me
182 1869 253 1949 vis,
281 1864 431 1930 ordinem
451 1865 541 1928 hunc
561 1863 731 1947 bonitatis,
759 1880 792 1929 et
809 1882 928 1953 praeeat
946 1866 997 1930 vel
1021 1866 1178 1951 Thebais,

110 1975 159 2040 vel
174 1971 304 2038 Medea.

153 2079 308 2144 Tertium
323 2091 406 2156 erat,
426 2073 551 2162 siquid
569 2072 610 2139 ad
627 2074 736 2163 ipsas?
750 2075 821 2165 Ego
839 2097 934 2159 vero,
952 2077 1012 2141 etsi
1024 2079 1088 2158 jam
1105 2096 1181 2145 ante

114 2185 187 2252 satis
207 2181 395 2250 emendatas
420 2181 505 2270 (haec
526 2181 614 2246 enim
636 2182 755 2247 strictis
772 2182 918 2247 versibus
937 2183 1055 2272 scripta
1070 2200 1182 2249 arcent

114 2295 178 2357 fere
193 2307 228 2356 et
247 2289 405 2354 cohibent
425 2287 523 2352 malas
541 2287 676 2373 manus)
699 2304 902 2376 postremum
925 2289 1021 2353 etiam
1041 2291 1125 2355 serio
1149 2307 1182 2356 et

114 2396 274 2462 industrie
287 2393 462 2458 correxerit
472 2393 512 2459 V.
525 2393 573 2457 Cl.
589 2393 751 2456 Antonius
764 2393 894 2476 Delrio,
911 2409 1069 2458 aeternum
1085 2396 1180 2461 nobis

113 2505 234 2568 amicus
250 2525 259 2566 ε
277 2517 388 2564 tamen
404 2497 513 2585 accipe
532 2515 564 2562 et
581 2521 600 2562 a
616 2498 761 2562 meista:
777 2517 919 2586 quorum
936 2516 1061 2587 partem
1074 2501 1115 2565 ab
1134 2502 1182 2565 in·

113 2609 208 2700 genio
220 2627 292 2672 esse
302 2606 383 2670 scies
395 2619 429 2668 et
446 2601 553 2667 subita
569 2603 881 2691 inventionc,quum
899 2619 956 2667 tua
973 2625 1067 2668 causa
1084 2605 1181 2694 paulo

113 2713 270 2778 intentius
287 2711 448 2799 legerem:
461 2725 616 2797 partema
633 2708 717 2772 libro
730 2709 852 2796 scripto
864 2709 965 2772 veteri
981 2731 1057 2774 sane
1074 2711 1181 2790 bono,

115 2843 211 2910 quem
228 2817 391 2882 babemus
406 2814 497 2879 dono
513 2813 616 2880 Paulli
633 2813 772 2896 Melissi,
787 2814 898 2904 magni
915 2816 1016 2898 vatis,
1034 2833 1095 2881 etc.
1114 2819 1181 2882 Ha-

114 2929 189 3008 bes,
208 2925 254 2988 mi
275 2922 494 3012 Raphelengi‚
512 2941 584 3010 quae
606 2922 692 2984 inter
709 2919 899 3010 legendum,
926 2939 963 2986 ut
980 2921 1030 3005 fit,
1050 2921 1181 2988 adoras

114 3050 299 3097 notaveram
319 3031 384 3091 mei
399 3027 474 3092 libri
490 3050 498 3092 ε
515 3026 572 3090 sed
586 3042 772 3090 notaveram
789 3027 880 3090 mihi.
901 3027 985 3091 Nam
1000 3026 1182 3092 describere

112 3141 178 3204 haec
192 3153 253 3201 aut
271 3133 420 3223 digerere
437 3133 473 3196 in
489 3133 632 3198 alienum
651 3155 768 3216 usum,
793 3156 854 3197 nee
875 3133 1013 3222 cogitavi
1034 3155 1181 3222 unquam

114 3261 136 3310 t·
153 3255 251 3329 ἐνιῑμις
263 3287 274 3317 ,
285 3255 348 3304 etc.
365 3239 455 3307 Vale.
472 3239 589 3328 Scripsi
600 3235 752 3329 Lugduni
768 3239 801 3302 in
811 3239 946 3322 Batavis,
962 3240 1058 3304 nonis
1074 3239 1181 3304 octob.

110 3347 348 3414 clolotxxxrtt.
682 3343 689 3357 ⁸

199 4163 229 4228 I,
255 4175 345 4219 Senes.
355 4183 420 4235 pars
431 4165 506 4214 tertia.
