3118 5138
263 585 303 638 tr
496 561 803 632 DISSERTATIO.
1148 565 1180 660 cj

156 682 261 745 Altera
281 697 330 744 est
343 681 513 746 Troadum
539 707 652 765 scena,
677 683 717 747 de
743 707 807 771 qua
832 684 1030 748 mentionem
1045 687 1181 776 faciam.

113 789 248 850 Somnio
271 787 382 853 territa
408 789 652 870 Andromache,
676 813 718 854 ne
738 790 818 878 quid
838 813 929 854 secus
953 787 1018 855 lilio
1040 795 1182 874 eveniat,

113 915 188 954 eum
205 893 240 954 in
252 909 388 978 paterno
401 895 530 958 tumulo
544 893 723 958 abscondit.
736 895 796 957 Vix
806 911 932 982 peracta
947 894 1074 978 fraude,
1093 897 1183 960 adest

117 997 245 1083 Ulysses
266 997 386 1060 Graecis
401 995 615 1062 deliberatum
637 1013 670 1061 et
690 999 903 1063 constitutum
924 1021 992 1064 csse
1012 1002 1182 1081 nuntians,

117 1101 263 1165 Hectoris
286 1118 419 1183 natum,
438 1125 536 1190 quem
555 1120 725 1184 metuunt,
743 1103 900 1168 occidere.
911 1086 914 1098 ,
927 1105 1036 1195 Fingit
1051 1107 1183 1172 Andro·

118 1205 228 1269 macho
245 1207 371 1271 nescire
383 1231 436 1288 se,
453 1230 524 1295 quae
539 1212 729 1297 Astyanacta
745 1209 836 1274 sedes
849 1210 974 1274 habeat.
992 1210 1055 1286 sed
1069 1211 1181 1276 dolum

117 1309 271 1375 odoratam
284 1313 432 1399 Ulymen,
445 1313 658 1403 pavidamque
669 1331 763 1405 urget
775 1333 910 1379 matrem
922 1339 930 1380 :
944 1332 977 1380 at
991 1317 1044 1380 illa
1059 1318 1182 1406 prolem

117 1415 234 1480 obiisse
251 1418 402 1481 Hectoris
424 1417 623 1501 declarante,
645 1418 779 1485 lluctuat
803 1421 943 1486 incertus
965 1421 1045 1510 quid
1068 1423 1182 1486 faciat:

118 1519 172 1582 scd
191 1518 272 1584 dum
300 1539 392 1609 parat
415 1523 582 1604 recedere,
608 1546 682 1588 ecce
706 1525 932 1590 animadvertit
952 1527 1065 1592 timere
1084 1527 1184 1616 magis

122 1624 386 1709 Andromachen,
403 1650 500 1715 quam
514 1651 656 1694 maerere.
671 1628 769 1693 Redit
782 1630 890 1720 igitur,
909 1647 961 1695 et:

257 1783 331 1836 Alios
344 1783 451 1856 (inquit)
469 1798 592 1856 parentes
601 1783 700 1858 alloqui
714 1787 740 1839 in
754 1786 828 1840 luctu
843 1785 937 1841 decet:

254 1872 319 1924 Tibi
333 1872 519 1944 gratulandum
532 1887 585 1938 est,
596 1874 688 1928 misera
696 1912 704 1938 ,
721 1873 792 1945 quod
805 1887 867 1928 nato
876 1893 964 1938 cares,

255 1961 347 2024 Quem
360 1979 431 2013 mors
444 1962 568 2014 manebat
582 1980 668 2024 saara,
687 1963 851 2034 yrraeeipiteua
866 1962 958 2016 datum

258 2049 383 2108 liturus,
395 2048 476 2120 lapsis
487 2050 543 2104 sola
558 2067 617 2120 qun
631 2049 713 2102 muris
725 2060 825 2103 manet.

123 2211 173 2274 ffis
186 2213 336 2300 perculsa
350 2213 459 2276 fremit
473 2207 720 2294 Andromache,
735 2229 768 2278 et
778 2236 896 2302 pavore
909 2213 1014 2304 Ulyssi
1029 2218 1186 2306 suspirio·

123 2339 190 2380 uem
220 2332 336 2406 auget,
364 2317 420 2404 qui
454 2317 587 2382 comites
621 2316 668 2380 ire
696 2316 815 2382 celeres
839 2315 951 2401 jubet,
981 2338 1013 2384 et
1039 2322 1187 2389 abditum

125 2425 314 2510 Astyanacta
337 2419 372 2484 in
398 2423 504 2486 lucem
528 2421 708 2486 retrahere:
733 2420 823 2510 quod
844 2423 870 2486 si
890 2425 985 2511 periit
1009 2429 1186 2516 Astyanax,

125 2550 184 2588 uon
203 2548 301 2614 posse
318 2519 408 2589 aliter
418 2523 536 2614 placari
551 2521 646 2605 deos,
664 2548 761 2612 quam
776 2523 885 2590 diruto
898 2523 1046 2593 Hectoris
1060 2535 1186 2597 tumulo

124 2647 151 2694 et
166 2631 283 2720 sparsis
302 2632 371 2710 ejus
391 2629 564 2695 cineribus.
587 2625 864 2720 Anxia‘genitrix,
886 2649 918 2696 et
934 2635 1025 2698 omni
1041 2659 1080 2700 ex
1099 2653 1188 2726 parte

123 2735 304 2824 perterrita,
322 2736 433 2800 statuit
450 2735 579 2800 tandem
596 2735 710 2817 invita,
724 2727 760 2800 ¹et
776 2737 895 2802 obnixa
913 2737 970 2802 diu
988 2738 1000 2828 (
1023 2739 1053 2827 ),
1074 2760 1187 2806 natum

124 2839 283 2904 elatebris
299 2837 458 2921 educere,
480 2839 505 2902 si
521 2839 624 2927 possit
643 2854 713 2903 tum
731 2840 816 2922 suis,
837 2858 907 2906 tum
927 2845 1019 2932 pueri
1036 2847 1187 2933 precibus

123 3077 196 3128 rebus
205 3071 346 3138 adimitur,
358 3073 431 3146 quod
442 3073 555 3128 Pbudra
566 3075 687 3129 callidius
700 3094 779 3148 qnam
793 3077 929 3134 ardentius
939 3085 1008 3152 agit,
1023 3099 1106 3154 quum
1117 3083 1189 3153 apud

124 3162 246 3216 Senecam
264 3163 347 3216 animi
369 3165 471 3234 impetu
491 3165 635 3235 prasertim
649 3163 776 3236 rapiatur.
797 3167 858 3218 Non
877 3168 949 3220 euim
962 3169 993 3221 iis
1007 3188 1072 3222 usus
1087 3184 1125 3222 est
1140 3177 1187 3222 lta-

124 3256 188 3318 u'ae,
199 3268 260 3324 quaa
270 3251 300 3304 in
313 3251 396 3304 latino
413 3264 492 3324 poeta
506 3250 637 3318 Phaedra,
656 3252 731 3306 initio
749 3272 851 3316 scene,
871 3256 1019 3325 promittit,
1031 3268 1060 3308 ut
1071 3275 1188 3312 amorem

123 3357 199 3392 suurn
211 3340 315 3392 innuat.

157 3450 194 3514 (r)
212 3445 330 3518 Longius
347 3443 503 3517 producitur
519 3445 577 3498 bno
599 3444 683 3496 animi
703 3445 730 3496 iu
751 3443 868 3499 diversas
889 3459 978 3518 partes
996 3447 1114 3504 distracti
1138 3453 1187 3504 llu-

124 3533 238 3594 aruntio,
257 3545 300 3596 et,
317 3532 390 3604 quod
409 3535 486 3605 pejus
508 3545 562 3594 est,
582 3551 635 3586 res
649 3531 705 3602 ipsa
728 3550 795 3584 vano
809 3551 919 3604 prorsus
939 3549 965 3587 et
983 3534 1060 3588 irrito
1076 3541 1187 3593 vertitur

126 3617 238 3673 cardine.
249 3621 342 3685 Quum
356 3619 558 3682 enimlminatua
571 3620 603 3672 sit
614 3619 724 3690 Ulysses
735 3637 763 3672 se
779 3619 904 3673 Hectorei
922 3621 1018 3673 tumuli
1033 3624 1088 3676 solo
1103 3643 1189 3696 sequn-

128 3719 213 3760 turum
223 3709 338 3772 molem,
352 3727 406 3780 qna
427 3707 605 3761 absconditur
619 3711 776 3780 Astyanax,
791 3710 843 3762 boc
855 3707 947 3762 debuit
960 3710 987 3762 in
1001 3712 1121 3766 animum
1134 3722 1189 3766 An-

126 3793 274 3849 dromacbes
288 3795 399 3863 venire,
417 3795 475 3848 fore
486 3805 514 3848 ut
525 3807 600 3848 natus
613 3815 673 3850 cum
688 3798 793 3850 tumulo
807 3798 888 3851 simul
902 3802 1104 3870 opprimeretur.
1129 3801 1190 3854 Non

127 3897 206 3954 potest
217 3887 296 3958 igitur
306 3890 440 3958 Astyanax
452 3898 563 3938 mortem
579 3885 698 3957 elingere
709 3904 716 3939 :
732 3897 758 3939 at
767 3899 878 3958 possunt
887 3887 1007 3941 Hectoris
1020 3890 1121 3943 cineres
1134 3909 1189 3944 ser-

128 3972 185 4024 vari.
201 3973 280 4038 Quod
294 3986 388 4027 tamen
398 3971 583 4024 Andromache
599 3972 707 4026 minime
720 3973 880 4028 intellexisse
890 3975 1013 4044 videtur3
1027 3979 1105 4031 anxie
1117 3979 1187 4031 enim

128 4059 152 4110 in
166 4060 241 4134 longa
253 4060 451 4130 monologia‚a
464 4078 542 4114 versu
551 4063 619 4126 642,
635 4079 726 4114 secum
740 4060 883 4126 deliberat,
895 4077 984 4118 utrum
997 4065 1043 4119 lilii
1052 4066 1144 4132 uitam,
1153 4085 1186 4117 an

125 4165 209 4202 earum
219 4149 346 4224 conjugis
360 4149 477 4202 cinerem
491 4159 607 4202 tueatur.
