3090 5142
516 535 824 605 DISSERTATlO.
941 587 946 594 -
1105 560 1201 607 xxxv

129 653 559 722 Nullasscimusimminete
567 657 703 720 mortuis
713 656 947 736 tenebms,ueo
956 677 1126 730 carcerem,
1142 677 1201 720 nec

129 755 1202 850 lluminaflagrantiaigne‚necnblivionisamnem,nectribunalia‚

119 885 193 928 nec
205 885 281 926 reos
292 864 376 928 ullos
390 865 426 927 iu
439 865 493 928 illa
503 865 650 930 libertate
661 881 727 929 tam
740 865 829 946 laxa3
846 865 951 928 nullos
965 865 1084 929 iterum
1100 881 1205 953 tyran·

130 991 204 1032 nos.
219 969 387 1034 Lusernnt
398 970 459 1035 ista
469 987 590 1059 poetae,
606 986 637 1034 et
648 970 738 1035 ranis
752 991 811 1034 nos
823 971 980 1060 agitavere
994 970 1204 1034 terroribus.»

131 1071 211 1136 Tale
226 1074 319 1162 apud
333 1075 484 1140 Marcum
500 1077 600 1141 nibil:
624 1097 700 1140 usur
715 1099 792 1141 cum
813 1076 881 1157 ejus
896 1074 1047 1140 dramatis
1058 1090 1098 1168 et
1110 1095 1204 1164 argu·

133 1179 252 1243 mentis
271 1179 338 1244 hoc
356 1198 491 1270 pugnat
511 1183 550 1246 ln
567 1183 672 1271 prima
690 1183 777 1246 enim
795 1183 950 1247 Hercules
968 1204 1006 1246 ac
1022 1180 1167 1245 Theseus
1184 1202 1204 1242 a

133 1283 299 1348 defunctis
323 1285 475 1351 redeunt.
498 1289 536 1352 ln
570 1288 712 1376 'l'hpeste
736 1287 878 1368 Tantali,
903 1287 938 1352 in
959 1290 1204 1376 Agamemnone

132 1391 287 1478 'Ibyestis
298 1392 417 1456 umbra
430 1395 463 1456 in
478 1415 606 1458 scenam
618 1395 717 1458 venit.
735 1395 774 1458 In
786 1392 956 1484 OEdipode
968 1392 1114 1458 defuncti
1128 1415 1204 1457 evo·

134 1513 271 1578 cantur,
300 1515 332 1562 et
351 1499 487 1563 Homeri
510 1509 594 1562 νικυῐα
614 1492 815 1589 exprimitur.
835 1499 885 1564 lbi
901 1501 987 1562 enim
1004 1497 1104 1562 habes
1118 1498 1204 1562 anti·

135 1599 333 1692 quissimum
352 1626 413 1693 pro
433 1605 548 1670 animae
567 1605 824 1686 immortalitate,
843 1603 934 1693 quod
952 1603 1092 1694 exceptis
1108 1605 1205 1668 sacris

136 1726 256 1788 exstat,
273 1710 508 1776 testimonium.
531 1711 612 1794 Quae
630 1712 741 1800 opinio
764 1709 822 1776 diu
845 1726 920 1776 ante
940 1707 1151 1798 Pherecyden
1173 1709 1207 1772 in

135 1814 258 1878 Groecia
272 1814 436 1896 exstabat,
448 1831 481 1880 et
496 1837 573 1880 oum
583 1814 760 1903 disciplinis
778 1832 827 1879 est
838 1830 923 1880 nata.
931 1813 1105 1901 AEscbylus
1116 1835 1204 1894 vero,

136 1918 326 2009 Euripides,
344 1943 382 1985 ac
395 1921 589 2010 Sophocles,
601 1943 662 2010 pro
678 1920 827 1984 confesso
841 1918 875 1982 id
887 1935 1033 1986 sumunt.
1049 1919 1201 2002 Quorum

137 2049 204 2088 non
222 2028 393 2092 sententia
410 2025 527 2110 m0d0,
546 2049 660 2091 verum
677 2026 772 2090 etiam
789 2025 977 2090 oeoonomiae
996 2039 1093 2112 atque
1108 2045 1204 2113 argu·

138 2149 269 2214 menta,
288 2133 443 2222 opinione
460 2134 519 2198 ista
535 2133 698 2198 nituntur.
713 2132 830 2220 Neque
843 2131 934 2196 aliter
949 2128 1147 2220 loquuntur,
1163 2151 1205 2194 ne

138 2254 301 2320 evertant,
315 2238 407 2327 quod
426 2254 567 2328 ponunt.
592 2238 698 2304 Etiam
719 2239 755 2302 in
770 2235 951 2304 Troadibus
969 2236 1133 2326 Polyxena
1153 2234 1206 2300 cui

138 2343 258 2408 nubit?
269 2349 391 2410 Annon
409 2344 547 2425 Achilli,
565 2345 657 2426 cujus
673 2345 743 2433 ipse
754 2341 880 2409 idolum
891 2339 1066 2408 describit?
1080 2342 1207 2426 Quodsi

138 2450 253 2513 animae
273 2465 349 2537 post
362 2449 491 2514 obitum
510 2466 589 2515 sunt
608 2449 709 2530 nibil,
734 2471 775 2514 ne
793 2448 879 2513 idola
895 2448 1027 2536 quidem
1042 2471 1112 2514 esse
1128 2471 1205 2538 pos·

137 2570 232 2637 sunt3
261 2578 336 2644 quae
351 2566 499 2637 κηνύγματα
518 2556 559 2621 ab
586 2555 762 2644 AEschylo,
789 2567 822 2620 et
850 2576 917 2646 quo
945 2571 1058 2620 notam
1086 2555 1207 2620 meruit

138 2661 444 2750 grammaticorum,
460 2673 542 2744 elevo
557 2659 721 2726 dicuntur.
738 2660 886 2726 Primum
900 2661 942 2724 ab
959 2661 1122 2744 Homero,
1137 2684 1204 2750 quo

134 2767 201 2846 jam
212 2767 356 2832 diximus
364 2768 459 2849 loco,
474 2768 666 2832 fabricatum
676 2783 743 2848 est,
758 2783 791 2830 et
800 2767 966 2856 ingentem
984 2782 1095 2855 postea
1107 2788 1203 2838 usum

139 2873 267 2939 habuit.
288 2876 393 2963 Igitur
407 2876 594 2965 vulgarem,
611 2875 688 2964 quis
704 2872 908 2962 dispositioni
923 2873 1099 2957 serviebat,
1123 2895 1205 2962 prat·

139 2982 319 3044 termittere
334 3003 403 3044 non
411 2981 516 3045 voluit
527 3003 535 3044 :
545 2995 658 3062 suam,
674 2979 882 3044 ubimaximu
899 2995 947 3044 est
961 2995 1066 3067 poeto
1083 2981 1206 3068 tragico

139 3085 291 3170 libertas,
318 3086 352 3148 in
369 3085 471 3149 choro
491 3085 673 3174 proposuit.
703 3085 745 3148 Et
764 3082 804 3147 de
824 3084 875 3148 his
892 3083 1025 3172 quidem
1041 3084 1208 3148 hactenus.

139 3191 220 3256 Tres
239 3207 371 3256 restant.
389 3191 537 3274 Quarum
556 3189 596 3254 de
609 3189 734 3254 duabus
745 3239 753 3273 ,
764 3189 903 3272 Hercule
921 3189 954 3252 in
974 3191 1059 3254 OEta
1071 3205 1105 3253 et
1121 3189 1208 3254 The·

141 3295 449 3378 baide,suoanobis
459 3295 532 3362 loco
544 3293 883 3382 dicetur(1).Octavite
893 3309 1007 3358 auctor
1017 3293 1130 3358 triviali
1139 3317 1209 3360 mo·

175 3524 215 3590 (ι)
231 3521 275 3576 Sic
288 3520 411 3575 Heinsius
424 3520 477 3574 alio
490 3521 551 3574 loeo
564 3519 599 3573 de
607 3507 761 3574 Thebaide':

174 3633 188 3654 ι
200 3608 302 3662 Fabula
323 3607 528 3674 Declamatoris‚
548 3605 664 3679 ideoque
686 3605 795 3678 indigns
816 3621 925 3678 prorsus
947 3603 995 3659 ists
1017 3605 1114 3671 lande,
1129 3625 1210 3680 qnam

141 3717 195 3751 non
211 3717 292 3752 nemo
310 3715 366 3751 non
380 3715 395 3750 e
409 3699 491 3770 vulgo
509 3699 534 3751 ei
554 3697 656 3750 tribuit.
677 3697 715 3750 Ae
732 3697 836 3770 primo,
850 3694 924 3768 quod
942 3693 977 3748 sd
995 3695 1210 3768 inscriptionem,

141 3787 334 3858 cujuscumque
357 3785 466 3839 tandem
484 3785 534 3849 sit,
554 3785 645 3857 inepta
670 3795 721 3847 est,
746 3801 799 3838 uec
824 3794 979 3855 argumento
1001 3784 1140 3847 convenit,
1160 3784 1211 3838 nisi

140 3893 233 3928 omnes
252 3875 384 3927 hactenus
403 3873 509 3946 antiqui
527 3873 611 3926 critici
629 3891 678 3925 nos
693 3871 798 3926 fallunt.
819 3870 904 3938 Nam,
922 3871 945 3925 si
960 3869 1077 3924 Thebais
1096 3870 1210 3926 dicenda

140 3967 203 4030 erit,
215 3965 278 4040 quia
293 3965 331 4018 ibi
344 3976 383 4019 est
398 3983 493 4031 scens,
510 3977 537 4018 et
549 3977 579 4018 nt
593 3963 676 4018 critici
694 3965 853 4036 loquuntur,
866 3965 903 4020 ὅτι
920 3965 944 4019 is
961 3961 1034 4035 eles
1043 3967 1163 4038 iptorum
1178 3967 1211 4020 sir

140 4061 294 4130 πράγματα,
305 4075 391 4129 quare
407 4075 464 4109 non
481 4067 507 4109 et
521 4057 648 4110 Hercules
669 4055 777 4118 furens,
799 4067 856 4108 tunt
872 4053 1006 4128 Euripidis
1020 4067 1076 4109 tum
1089 4055 1211 4122 Senecae,

139 4145 259 4219 OEdipus
272 4147 340 4199 item
352 4145 495 4216 Sophoclis
507 4147 583 4210 alter,
594 4146 710 4200 'lbebais
720 4144 842 4199 dicetur?
859 4144 934 4199 Idem
950 4144 983 4198 de
995 4143 1132 4217 Euripidis
1145 4145 1209 4197 liac-
