3118 5138
304 491 584 560 HERCULES
609 489 827 559 FURENS,
851 489 962 556 ACT.
988 489 1015 554 1.

186 619 331 711 Megara
347 614 466 698 ducat,
483 627 581 708 atque
597 611 741 684 luctifica
756 635 857 682 mann

186 726 324 792 Vastam
343 745 425 815 rogo
441 719 601 814 flagrante
618 720 774 814 corripiat
790 719 927 788 trabem.

188 832 261 898 Hoc
277 830 364 922 agite
381 853 388 894 :
404 850 519 922 poenas
536 827 639 922 petite
655 823 785 895 violata
800 825 907 919 Stygis
924 850 932 891 ι

188 935 364 1004 Concutite
386 946 501 1027 pectus
517 933 645 1004 :acrior
660 946 805 1002 mentem
821 945 983 1024 excoquat

189 1041 299 1130 Quam
315 1041 372 1134 qui
388 1039 525 1108 caminis
540 1039 624 1132 ignis
638 1039 771 1106 AEtnaeis
788 1037 878 1106 finit.

189 1149 237 1216 Ut
251 1146 355 1240 possit
369 1145 515 1214 animum
537 1157 654 1239 captus
671 1142 801 1213 Alcides
817 1144 890 1236 agi,

189 1255 312 1347 Magno
327 1251 439 1320 furore
456 1252 619 1346 percitus,
634 1249 729 1320 nobis
747 1252 839 1344 prius

189 1355 424 1426 insaniendum
440 1372 498 1427 est.
515 1359 622 1442 Iunc,
638 1381 699 1426 cur
713 1355 862 1426 nondum
879 1352 982 1423 furis?

191 1465 268 1551 Me,
286 1487 358 1550 me,
375 1487 522 1546 sorores,
537 1477 648 1532 mente
662 1462 824 1556 dejectam
839 1483 928 1530 mea·

191 1571 330 1638 Versate
346 1571 506 1664 primam,
521 1566 630 1638 facere
645 1570 673 1638 si
686 1568 866 1664 quidquam
881 1590 1006 1662 apparo

192 1676 341 1768 Dignum
358 1699 510 1745 noverca.
526 1677 600 1742 lam
616 1674 692 1744 odia
707 1689 878 1742 mutentur
893 1697 975 1742 mea.

191 1781 298 1850 Natos
313 1805 465 1850 reversus
483 1779 595 1849 videat
609 1779 789 1850 incolumes
805 1803 941 1875 precor,

193 1888 364 1982 Manuque
380 1886 473 1956 sortis
491 1883 628 1956 redeat:
645 1887 756 1956 inveni
772 1885 878 1974 diem,

194 1995 303 2062 Invisa
318 2017 386 2087 quo
402 2017 463 2062 nos
482 1991 633 2062 Herculis
649 1995 754 2062 virtus
769 1993 884 2087 juvet:

196 2099 252 2168 Me
267 2100 393 2194 pariter
407 2113 441 2168 et
456 2112 491 2168 sc
506 2100 637 2186 vincat;
653 2113 686 2168 et
701 2101 815 2194 cupiat
828 2100 913 2168 mori

198 2205 248 2273 Ab
264 2205 377 2276 inferis
393 2229 544 2292 reversus
561 2231 568 2274 :
585 2205 640 2275 hic
656 2205 761 2300 prosit
775 2203 876 2294 mihi,

198 2313 278 2381 Jove
294 2337 365 2382 esse
380 2313 538 2406 genitum.
555 2311 676 2400 Stabo,
691 2327 725 2381 et
743 2326 782 2381 ut
799 2325 890 2382 certo
907 2326 1025 2382 exeant

197 2419 325 2487 Emissa
339 2441 444 2487 nervo
461 2417 543 2504 tela,
558 2417 688 2488 librabo
702 2443 838 2488 manum
857 2446 864 2486 :

197 2525 324 2618 Regem
340 2524 479 2594 furentis
496 2548 588 2594 arma
605 2551 613 2594 :
630 2527 790 2620 pugnanti
806 2523 941 2594 Herculi

148 2729 222 2781 runt,
231 2737 316 2790 quum
330 2717 373 2772 alii
382 2723 500 2785 Λύσσαν,
513 2715 558 2770 alii
574 2711 657 2790 dtpt.
699 2709 857 2782 intelligitur
869 2709 897 2762 ln
907 2710 982 2781 Virss·
992 2709 1129 2774 AEmVII,
1140 2709 1210 2782 337,
1326 2793 1329 2800 ,

149 2821 250 2861 mres,
273 2799 318 2851 alii
335 2802 462 2871 Niptris,
487 2798 574 2869 plures
596 2797 656 2850 Dis·
700 2788 1206 2852 ”bi-lun03···¹··llbl¹¹0ml¹¹³mlll02

148 2869 286 2933 cordiam,
306 2869 335 2922 in
355 2869 496 2922 Furiarum
515 2887 657 2922 numerum
700 2869 1208 2932 Millenoccndiarter3fecundumcon·

149 2967 290 3020 aggregare
297 2947 448 3002 videantur.
462 2945 519 3002 Hoc
531 2959 657 3019 praterea
700 2959 761 3002 cute
776 2963 877 3022 pectus.
890 2973 901 2996 ι
915 2948 1029 3003 Videtur
1042 2949 1119 3001 nohis
1135 2948 1208 3019 prior

150 3026 656 3099 reputandum,quodMorbi‚Bellum,
701 3049 792 3084 sensus
808 3049 869 3084 cum
890 3027 1104 3083 antecedentibus
1125 3039 1150 3080 et
1168 3046 1209 3081 se·

150 3106 542 3179 etquaoeunqueinhnmanam
552 3118 658 3178 gentem
701 3109 841 3182 questibus
856 3109 943 3163 verbis
957 3109 1050 3162 melius
1064 3125 1210 3179 congruere

151 3186 291 3240 oetesrium
300 3188 341 3238 ira
354 3197 440 3256 pestes
452 3185 583 3250 immittit,
595 3186 658 3239 Ter·
702 3201 728 3241 et
737 3190 824 3260 aptius
842 3188 981 3241 coherere.

150 3265 660 3337 ror,anr,Morsipsa,et,quenoster
741 3270 802 3320 rofi.
827 3274 909 3335 Quam
932 3270 976 3334 qui
995 3268 1106 3317 carnicis.
1128 3263 1208 3318 nvid.

150 3342 201 3397 lroc
218 3344 276 3416 ipro
294 3345 355 3398 loco
376 3356 531 3408 enumerat,
549 3344 660 3409 Scelus,
703 3345 811 3399 Heroid.
820 3347 886 3410 XV,
900 3363 931 3398 η
942 3362 949 3398 t
961 3344 1020 3397 eMe
1029 3344 1101 3397 calor
1110 3347 1211 3398 AEtneo

151 3421 246 3487 Error,
255 3423 398 3495 Impietas,
409 3424 494 3476 Furiis
506 3424 662 3497 plerumque
705 3445 760 3479 nou
769 3425 856 3479 minor
867 3425 928 3497 igne
936 3435 1022 3476 tenet:
1029 3447 1040 3469 υ
1049 3421 1090 3476 ld.
1101 3424 1208 3478 Metam.

151 3499 299 3566 addantur,
325 3503 476 3558 satellitium
495 3519 521 3559 et
548 3504 661 3558 famula-
705 3505 851 3575 xm‚867
865 3525 872 3557 ε
886 3503 1074 3566 «Ui-orentii,
1087 3503 1211 3577 letusque

151 3579 270 3634 burrdum
294 3599 398 3654 agmen.
424 3581 503 3638 Unde
526 3582 612 3656 potuit
627 3581 661 3636 de
705 3595 829 3639 exaestuat
842 3584 928 3638 acrior
936 3583 1211 3655 ignis‚Cumquesuis

150 3661 239 3714 multis
251 3661 349 3725 scribi,
363 3661 436 3734 quod
445 3661 573 3716 detribus
588 3663 662 3716 abso·
706 3663 798 3719 videor
814 3664 968 3716 translmam
988 3662 1089 3720 viribus
1106 3665 1211 3716 AEtnam

150 3757 217 3792 num
230 3741 333 3796 fuisset.
705 3745 814 3798 Pectore
823 3745 891 3797 ferre
900 3761 970 3795 meo.
982 3765 993 3788 ι

188 3821 249 3872 10⁵.
264 3823 390 3871 concutite
397 3836 488 3887 pectus.
500 3819 558 3874 Hoc
566 3821 662 3875 Fama·
744 3821 1215 3894 119.Librabomamrm.1ntelligema·

149 3897 210 3950 hius
226 3897 260 3952 de
275 3897 399 3953 Herculis
411 3911 515 3970 pectore
529 3919 606 3972 posse
619 3920 663 3954 ac·
706 3923 771 3957 num
784 3904 915 3956 Herculis.
926 3906 1026 3954 Libram
1035 3921 1084 3974 pro
1095 3905 1215 3971 dingere,

152 3977 221 4047 cipi,
238 3978 315 4050 quasi
338 3979 429 4050 jubeat
452 3979 524 4032 Juno
544 3981 663 4034 animum
707 3985 833 4056 quoniam
853 3999 914 4054 quse
933 3983 1044 4054 jaculari
1069 3981 1213 4048 volumus,

153 4054 208 4126 ejus
222 4068 363 4129 torqueant
377 4058 462 4114 Furia
479 4071 504 4112 et
516 4060 662 4131 exagitent,
707 4061 780 4133 prius
796 4061 830 4115 ad
845 4081 893 4116 nos
902 4061 1060 4116 adducimus
1073 4072 1099 4114 et
1109 4061 1218 4114 tenebi-

154 4133 199 4186 sed
214 4136 416 4208 intelligendum
425 4139 515 4209 potius
524 4151 617 4210 putat,
634 4153 663 4192 ut
708 4159 767 4196 mus
777 4179 785 4206 ‚
794 4155 824 4194 ut
832 4143 926 4196 emissa
935 4142 1074 4197 violentius
1085 4153 1111 4193 et
1121 4141 1217 4194 certius
