3210 5140
416 507 950 578 surusnvnusmuss.
1111 463 1211 608 '191'

117 659 123 673 ·
192 637 260 708 763.
281 636 395 708 superse
412 635 454 688 abi
471 637 544 690 mlo.
563 637 718 692 Lectionem
738 638 820 690 secuti
840 656 932 692 sumus
948 639 976 690 in
997 639 1121 693 omnibus
1141 641 1215 696 MSS.

151 717 268 780 nostris,
278 734 386 769 necnon
400 716 429 768 in
442 717 568 770 omnibus
580 718 681 771 acutis
694 732 755 771 ante
766 718 933 772 Gronovium
947 732 1088 788 repertam.
1101 721 1173 785 Quid
1184 721 1217 775 ad

150 797 227 848 latini
242 795 372 849 sermonis
388 797 544 866 elegantiam
562 796 784 850 accommodatius
802 815 882 868 quam
899 798 956 850 lnec
972 798 1000 850 in
1017 817 1098 852 unam
1113 813 1215 856 tantum

152 877 311 929 seutentiam
321 889 445 930 contexta
457 877 553 942 verba,
563 889 670 948 stupente
681 877 722 929 ubi
733 877 811 941 undu,
822 896 894 947 segne
906 880 1015 948 torpescit
1019 881 1120 946 fretum,
1133 900 1216 935 unum

152 968 178 1008 et
191 954 262 1010 idem
277 955 474 1027 exprimentia?
485 955 559 1022 Quid
572 956 778 1028 reprehensione
794 955 902 1028 dignius
917 973 996 1027 quam
1010 957 1102 1010 eadem
1115 958 1216 1031 disjun-

152 1048 193 1087 cta
209 1049 237 1088 et
249 1035 385 1100 intercisa,
398 1047 493 1106 stupent
504 1035 545 1088 ubi
556 1038 627 1088 undo
638 1054 646 1090 ε
656 1056 728 1106 segne
742 1041 852 1107 torpescit
858 1037 959 1102 seeum,
976 1036 1050 1108 quod
1064 1038 1215 1093 Gronovius

152 1115 181 1166 in
193 1116 307 1168 Etrusco
320 1116 441 1168 invenit?
454 1114 487 1167 Id
499 1115 610 1187 quidem
623 1134 706 1188 nsque
718 1135 750 1170 eo
761 1114 946 1170 tantummodo
958 1115 1089 1182 laudavit,
1101 1131 1132 1171 ut
1142 1139 1215 1173 «non

152 1198 228 1264 pejus
238 1196 359 1266 prolecto
372 1213 451 1266 quam
465 1195 553 1249 caeteri
565 1222 576 1243 ·
590 1213 645 1249 esse
660 1198 858 1267 pronuntiaret,
876 1193 904 1248 iu
922 1209 1024 1249 textum
1039 1209 1126 1250 tumen
1141 1217 1215 1252 rece·

152 1273 200 1342 pit.
218 1273 321 1326 baden.
340 1275 367 1326 in
385 1275 502 1345 Specim.
520 1288 613 1346 stuperes
626 1277 748 1346 profundo
764 1276 920 1346 anteponit,
934 1276 996 1347 quia
1011 1276 1161 1348 languidius
1175 1280 1214 1332 illi

153 1352 259 1406 ridetur
272 1354 312 1405 ubi
324 1373 334 1406 .·
346 1367 373 1406 at
385 1353 452 1407 nihil
464 1352 589 1407 adversus
601 1355 781 1408 Florentinum
791 1353 1005 1408 emendationem
1016 1353 1135 1422 disseritt
1148 1360 1213 1430 quin

151 1432 232 1484 etiam
250 1433 439 1486 innovissimo
455 1431 573 1487 editione
590 1428 708 1502 (1821),
726 1453 784 1488 eam
804 1433 934 1496 edmiuit,
954 1435 1032 1488 tacite
1052 1435 1214 1493 laudatione.

152 1511 287 1578 botheus,
299 1513 362 1566 licet
374 1511 491 1566 Badeuio
504 1513 659 1578 andentior,
675 1513 807 1567 Gronovii
823 1514 964 1567 lectionem
980 1533 1036 1567 non
1049 1534 1064 1567 e
1079 1527 1154 1570 textu
1171 1537 1214 1571 re·

154 1593 253 1659 morit;
269 1591 315 1644 sed
333 1593 429 1646 latetur
442 1593 470 1645 iu
486 1591 699 1646 adnotationibus
719 1621 729 1641 ι
742 1613 797 1647 non
813 1593 917 1666 placere
932 1592 1076 1664 asyndeton
1093 1596 1214 1651 lectionis

153 1671 312 1724 Florentiae
323 1697 335 1718 ι
346 1710 354 1736 ,
365 1690 414 1725 nec
427 1670 531 1726 dubitat
543 1673 609 1743 quin
624 1672 761 1726 inserenda
777 1675 811 1727 sit
821 1673 930 1743 copula,
943 1691 1004 1745 que
1017 1675 1046 1726 in
1057 1674 1132 1728 tsSS.
1145 1695 1215 1747 sepe

152 1750 250 1804 excidit
261 1772 267 1803 :
282 1748 357 1804 addit
369 1749 484 1823 denique
498 1778 510 1799 ι
520 1754 618 1807 bonam
628 1771 734 1825 quoque
743 1771 798 1806 esse
808 1753 945 1824 antiquam
956 1753 1097 1806 lectionem
1108 1768 1214 1826 serpente

153 1831 193 1884 ubi
206 1831 287 1894 mdo,
305 1851 326 1882 a.
341 1843 359 1882 t.
369 1833 461 1896 ,fretum
474 1859 498 1882 ι.
513 1833 553 1884 Ex
566 1833 618 1885 lroc
633 1851 725 1886 rursus
736 1830 852 1903 judicari
863 1845 967 1904 potest,
979 1846 1076 1903 quante
1092 1846 1118 1886 et
1132 1854 1214 1906 qnam

152 1910 333 1982 superstitiosa
348 1911 432 1965 luerit
445 1912 524 1965 unius
542 1911 643 1964 codicis
658 1912 820 1975 reverentia,
834 1930 918 1984 quum
936 1911 992 1977 alii,
1010 1925 1120 1984 propter
1135 1933 1212 1978 eam,

152 1991 287 2062 vulgatum
302 1991 336 2044 sb
346 1992 469 2044 omnibus
480 1993 567 2044 locum
578 2005 605 2045 et
617 1990 741 2045 eumdem
755 2010 834 2045 sensu
845 1992 976 2062 optimum
990 1994 1167 2061 mutaverint,
1183 2009 1215 2048 ut

152 2071 295 2123 titubantia
307 2083 334 2123 et
344 2073 412 2124 male
422 2072 527 2125 concisa
538 2071 741 2130 substituerent.
756 2072 800 2124 alii
813 2084 916 2136 antem,
929 2072 1036 2142 cognito
1049 2091 1153 2139 errore,
1169 2095 1214 2128 an·

153 2151 253 2222 tiquam
264 2163 293 2203 et
304 2151 470 2221 probabilem
483 2152 624 2204 lectionem
639 2169 771 2223 reponere
786 2165 875 2204 tamen
887 2170 942 2204 non
957 2151 1014 2203 ausi
1028 2152 1088 2204 sint.

192 2231 382 2301 766.1mpm.
397 2231 478 2284 Paris.
494 2231 587 2294 8055,
602 2231 711 2302 implero.

192 2315 260 2379 767.
276 2311 452 2379 mergente.
467 2311 510 2364 Sic
521 2311 642 2383 plerique
655 2310 728 2363 MSS.
743 2324 770 2362 et
780 2321 844 2363 vett.
857 2308 921 2362 edd.
933 2310 988 2374 Qui
1000 2330 1070 2380 gena
1079 2328 1133 2363 non
1147 2312 1213 2364 bene
1243 2321 1246 2328 '

154 2389 321 2460 interpretati
333 2403 395 2442 sunt
406 2382 474 2458 (vid.
489 2409 547 2462 quta
561 2403 648 2443 notar.
663 2409 690 2460 p.
707 2387 770 2458 95),
787 2390 898 2442 multum
915 2387 1124 2442 sudaverunt'ut
1137 2391 1215 2442 lucent

153 2482 303 2533 mutarent;
315 2470 360 2522 alii
371 2469 505 2542 squalbnt,
520 2471 564 2522 alii
577 2471 664 2532 livent,
679 2470 724 2522 alii
735 2469 829 2541 pollent
839 2469 1005 2522 substituere.
1018 2469 1097 2522 Both.
1109 2489 1140 2522 ea
1152 2471 1212 2523 Nic.

153 2549 263 2604 lleinsio
280 2547 425 2621 legendum
442 2548 579 2603 contendit
594 2551 681 2612 luunt,
702 2549 835 2602 affirmans
854 2575 865 2596 ι
877 2547 1002 2602 maximas
1021 2568 1104 2620 nugas
1123 2568 1215 2620 agere,

153 2630 198 2700 qui
211 2631 291 2682 lucent
302 2627 439 2682 mordicus
452 2629 568 2683 retinent
578 2655 602 2682 ι.
617 2629 653 2681 At
664 2629 790 2699 quoniam
805 2629 833 2681 iu
846 2629 921 2681 nullo
937 2630 1124 2682 auctorelureo
1139 2631 1214 2682 inve·

153 2709 211 2762 nire
223 2710 315 2781 potui,
326 2709 395 2762 malo
408 2709 574 2779 ungaricum
585 2708 709 2762 omnibns
723 2707 871 2762 editoribus
882 2721 909 2761 et
922 2708 1045 2774 librariis,
1058 2727 1136 2780 quam
1151 2727 1214 2762 cum

154 2789 255 2843 Botbeo
270 2789 396 2843 indictam
410 2789 536 2842 hactenus
551 2805 643 2841 vocem
659 2805 786 2859 usurpsre
797 2788 881 2841 textui
893 2789 958 2840 vatis
971 2789 1054 2840 nostri
1068 2786 1215 2843 intrudere.

192 2874 257 2938 769.
275 2871 355 2923 Orien
365 2887 475 2921 vacuam.
489 2868 565 2921 MSS.
577 2880 605 2920 et
619 2869 750 2938 primariis
761 2865 822 2921 edd.
838 2887 938 2930 vacuus,
954 2865 1028 2939 quod
1043 2867 1107 2920 ferri
1122 2868 1215 2938 possit.

156 2949 262 3000 Vocem
277 2949 396 3020 primum
407 2948 524 3002 occurrit
537 2949 565 3000 in
578 2948 708 3013 Avantio,
720 2965 800 3019 quem
814 2948 894 3000 Vian.
907 2947 1010 3020 Gryph.
1024 2947 1094 2999 Petr.
1108 2946 1212 2999 Fabric.

153 3029 237 3099 liapb.
252 3029 383 3082 Contmel.
398 3029 470 3081 Delr.
486 3028 565 3081 Grut.
581 3027 671 3080 Heius.
687 3039 713 3080 et
729 3027 817 3080 caeteri
831 3027 930 3079 imitati
946 3039 1015 3079 sunt.

191 3127 257 3179 77ο.
271 3109 401 3179 depatabat
410 3107 510 3160 turbius.
526 3109 603 3161 Fern.
616 3105 716 3160 Isoard
729 3105 815 3177 AEgid.
829 3106 924 3158 Philol.
938 3108 1044 3159 decens.
1059 3117 1085 3158 et
1097 3102 1214 3158 universi

153 3187 246 3242 Parias.
256 3186 337 3242 codd.
349 3187 425 3240 undas
436 3188 534 3241 habent
541 3226 549 3251 ,
560 3185 699 3239 manifesto
710 3204 810 3238 errore.
822 3185 927 3256 Lipsius
938 3205 968 3238 ex
980 3204 1029 3238 suo
1039 3185 1109 3238 libro
1121 3176 1216 3237 umbros

153 3268 261 3332 extulit,
275 3266 349 3340 quod
363 3267 514 3320 Gronovius
527 3285 634 3337 quoque
648 3266 750 3318 invenit
763 3267 791 3317 in
804 3265 920 3317 Florent.

192 3355 259 3418 774.
272 3349 328 3419 Ipso
340 3359 455 3399 coactum.
469 3347 561 3398 Monet
574 3345 710 3404 Pontinus
721 3344 778 3396 MS.
794 3343 972 3414 anglicanum,
982 3361 1062 3415 quem
1074 3343 1215 3396 Cantabri·

152 3428 200 3498 gius
214 3427 343 3499 inspexit,
363 3427 450 3497 legere
462 3429 561 3496 proprio
577 3437 701 3486 coactum,
719 3422 791 3496 quod
810 3422 924 3476 laudat':
939 3424 991 3475 hoc
1010 3440 1118 3495 quoque
1133 3423 1212 3476 Roth.

152 3507 319 3560 numerosius
332 3505 471 3576 judicavit.

190 3591 259 3657 776.
273 3586 350 3640 Sedit.
364 3587 435 3639 Petr.
450 3587 477 3638 in
489 3603 570 3656 marg.
583 3585 661 3648 cedit,
677 3581 750 3655 quod
762 3583 892 3636 referebat
904 3594 975 3635 certe
989 3580 1022 3634 ad
1032 3584 1130 3650 gravior
1142 3586 1211 3636 rutis.

153 3666 273 3720 Gronov.
286 3665 444 3736 opinabatur
455 3665 588 3735 scripsisse
602 3663 727 3716 Senecam
742 3663 808 3726 sidit,
822 3657 894 3732 quod
907 3662 986 3714 Roth.
999 3659 1105 3714 admisit
1117 3661 1145 3713 in
1157 3674 1214 3715 tex·

152 3757 223 3811 tum,
241 3745 317 3817 quasi
336 3763 440 3798 necesse
455 3743 525 3797 foret
540 3762 652 3816 presens
667 3756 774 3814 tempus
790 3740 925 3806 adhiberi,
942 3753 1067 3812 sequente
1085 3753 1214 3812 presente

152 3825 218 3878 bibit.
233 3833 340 3880 scatent
355 3825 482 3897 exemplis
495 3825 570 3876 latini
586 3824 742 3894 scriptores,
758 3839 818 3893 quae
833 3822 902 3874 hauc
915 3822 1068 3892 opinionem
1084 3821 1214 3874 refellant.

191 3923 257 3976 777.
277 3907 302 3957 T
300 3905 411 3957 imbuisti.
430 3905 473 3958 Sic
488 3907 592 3956 Ascens.
610 3902 716 3974 Gryph.
734 3903 824 3956 Heius.
842 3901 925 3954 Scriv.
942 3901 1019 3954 Furn.
1034 3901 1116 3972 Thys.
1133 3914 1158 3953 et
1173 3921 1216 3954 re·

153 3986 294 4050 certiores,
311 3985 408 4057 quibus
420 3983 484 4037 addi
497 3996 608 4054 possunt
620 3985 698 4035 Fero.
715 3980 815 4034 Isoard.
831 3979 916 4052 AEgid.
933 3981 1004 4034 Delr.
1020 3994 1046 4033 et
1058 3979 1116 4032 MS.
1134 3982 1215 4034 Paris.

114 4098 121 4108 ·
154 4067 242 4129 8262,
256 4065 285 4117 in
300 4065 397 4136 quibus
413 4065 537 4116 titubante.
553 4061 714 4127 Quindecim
728 4062 822 4114 Pariss.
837 4078 899 4114 cum
914 4061 1012 4114 Philol.
1028 4061 1123 4120 Aiunt.
1138 4061 1216 4113 Vian.

153 4143 220 4196 Petr.
234 4145 341 4197 Fabric.
354 4144 464 4214 Ruphel.
480 4143 610 4197 Commel.
623 4156 649 4195 et
663 4143 741 4197 Grut.
755 4141 864 4194 titubate.
881 4141 974 4194 Pariis.
993 4140 1067 4210 5395
1085 4154 1111 4191 et
1128 4143 1217 4203 8026,

153 4225 262 4286 trebuim-
277 4223 353 4278 ⁸055
369 4237 396 4276 et
412 4225 497 4284 8261,
516 4223 649 4275 titubando.
