3240 5138
377 508 657 578 HERCULES
681 507 901 576 FURENS.
927 509 1039 578 ACT.
1068 511 1119 576 ll.
1233 510 1279 594 43
1364 519 1366 522 ’

269 644 449 736 Interiqne
467 642 613 711 adhaeret
628 667 726 710 verus
744 639 867 711 Alcidae
884 655 982 711 sator.

273 773 362 820 nno.
382 748 549 837 Quidnam
567 749 646 833 iste,
664 749 768 817 nostri
785 749 913 842 generis
928 749 1063 818 exitium
1081 773 1120 818 ac
1136 748 1221 836 lues,

271 857 362 926 Novi
379 853 495 949 parat?
511 854 591 948 quid
609 853 737 924 tentat?
752 878 828 924 nrc.
846 857 878 922 Ο
897 853 1022 924 clarum
1041 855 1176 925 trahens

271 964 301 1031 A
318 962 419 1055 stirpe
437 985 559 1030 nomen
580 962 686 1054 regia,
702 960 804 1030 facilis
817 983 893 1030 mea
1243 990 1282 1029 ³⁶0

273 1070 455 1162 Parumper
472 1091 553 1134 aure
570 1065 672 1136 verba
692 1067 830 1161 patienti
849 1069 972 1161 excipe.

272 1175 308 1242 Si
325 1187 447 1242 eterna
468 1197 598 1266 semper
617 1171 693 1242 odia
712 1171 867 1242 mortales
888 1187 1005 1268 agant,

274 1281 347 1348 Nec
368 1292 494 1373 coeptus
516 1302 661 1372 unquam
680 1278 775 1349 cedat
796 1303 837 1349 ex
858 1281 981 1372 animis
999 1279 1108 1365 furor,

274 1385 340 1455 Sed
360 1405 452 1452 anna
474 1383 550 1454 felix
572 1398 696 1469 teneat,
716 1383 829 1454 infelix
849 1401 962 1480 paret,

274 1489 364 1559 Nihil
387 1489 574 1585 relinquent
594 1489 706 1560 bella:
725 1505 796 1560 tum
817 1491 918 1560 vastis
939 1515 1019 1586 ager
1244 1520 1283 1558 nn

273 1595 441 1690 Squalebit
462 1598 568 1686 arvis3
588 1596 718 1666 subdita
740 1598 833 1667 tectis
853 1597 925 1666 face

274 1701 369 1771 Altus
387 1701 531 1796 sepultas
548 1703 668 1772 obruet
687 1718 801 1798 gentes
819 1704 912 1772 cinis.

258 1872 319 1942 357.
332 1880 415 1927 Verus.
429 1874 519 1927 innuit
530 1876 619 1948 Lycus
630 1875 732 1928 Hercu·
775 1873 929 1927 minaticum
946 1893 1044 1934 omum,
1060 1875 1114 1928 sive
1129 1873 1164 1927 ad
1180 1891 1285 1928 accusa·

219 1953 290 2013 lem,
308 1951 425 2006 divinam
448 1954 556 2025 stirpem
574 1955 731 2017 mentitum,
776 1953 858 2007 tivum
870 1957 931 2005 odia
940 1953 1052 2019 referam
1063 1965 1203 2026 utramque
1212 1955 1283 2007 euim

220 2051 277 2085 non
293 2051 309 2086 a
326 2034 406 2095 Jove,
423 2033 468 2086 sed
486 2035 521 2086 ab
539 2034 733 2106 Amphitryone
774 2033 934 2086 locutionem
944 2033 1284 2086 usitatametverelatinsm

220 2112 731 2186 ortumduxisselllumigiturtllcidem,
774 2131 831 2167 esse
845 2113 929 2164 multa
942 2113 1088 2184 approbant
1102 2112 1239 2183 exempla,
1256 2113 1283 2165 in

221 2191 240 2242 i.
251 2210 275 2244 e.
283 2193 362 2245 Alcaei
372 2204 493 2264 nepotem
501 2234 509 2258 ‚
517 2205 661 2265 nuncupat.
670 2194 730 2246 Non
774 2191 967 2264 quibusHorat.
975 2189 1130 2262 epoavn,
1144 2211 1186 2261 17,
1194 2195 1284 2243 acerba

221 2271 311 2324 statim
329 2273 364 2325 ab
380 2272 472 2337 initio,
488 2271 534 2326 sed
552 2285 612 2343 post
632 2273 732 2344 primos
766 2272 1286 2343 scetallomanosagum.Attomemquam-

221 2363 324 2404 tuntum
334 2353 437 2405 labores
450 2371 511 2405 snos
522 2391 529 2415 ,
541 2351 612 2406 lilius
625 2353 697 2405 Jovis
707 2363 733 2406 et
775 2353 815 2405 vis
823 2353 1021 2424 uterquepossit
1027 2351 1110 2422 recipi
1119 2369 1224 2412 sensns,
1234 2369 1286 2403 ma·

222 2430 353 2482 Alcmenae
372 2433 520 2484 nominatus
538 2444 577 2486 est
594 2432 731 2486 Hercules.
774 2432 814 2502 gis
832 2430 930 2484 arridet
947 2430 1013 2483 mihi
1031 2431 1179 2501 posterior,
1195 2431 1285 2501 utqui

221 2509 260 2561 Μ.
272 2509 347 2563 Porc.
360 2511 452 2563 Caton.
461 2511 556 2582 origin.
570 2511 709 2584 fragment.
724 2529 731 2562 :
775 2511 900 2581 saepiusin
906 2511 1000 2563 Nostro
1008 2522 1236 2580 recurratzsupm.
1245 2528 1288 2578 ²7·

224 2587 322 2642 «Greci
332 2591 495 2661 ubicumque
506 2608 604 2642 nomen
613 2590 734 2643 Herculis
775 2589 909 2642 «vivaces
940 2601 999 2662 aget
1017 2590 1157 2641 Violentus
1191 2589 1252 2640 iras.
1272 2614 1284 2632 »ι

222 2666 350 2732 audiunt,
365 2682 457 2740 putant
474 2689 529 2723 esse
545 2689 638 2734 suum,
651 2689 732 2723 aino·
774 2669 883 2741 'l'hyest
898 2687 964 2739 179,
979 2669 1137 2740 «questibus
1146 2668 1219 2720 vanis
1229 2667 1284 2737 agis

222 2747 293 2800 mine
304 2760 437 2801 sumentes
445 2761 641 2822 argumentum,
649 2767 732 2821 quum
775 2747 970 2800 Iratumfflerc.
980 2747 1044 2800 OEt.
1056 2747 1139 2817 737,‹·
1147 2747 1202 2819 ipsa
1209 2746 1286 2798 tellus

222 2837 309 2878 tamen
322 2825 366 2880 ille
384 2845 471 2898 neque
492 2829 601 2880 nomine
614 2827 732 2900 Libyus,
775 2845 897 2899 spumeos
911 2839 996 2880 motus
1006 2827 1070 2897 agit.
1081 2853 1094 2872 n

223 2924 239 2956 a
249 2923 303 2976 quo
316 2903 410 2958 devicti
421 2906 513 2978 Libyi,
524 2904 570 2959 sed
577 2905 678 2958 Alcaeus
692 2906 732 2959 di·
812 2908 871 2970 364.
888 2911 937 2957 Sed
948 2926 1034 2966 arma,
1053 2917 1102 2957 etc.
1119 2903 1169 2958 sed
1184 2921 1286 2975 semper

224 2994 280 3036 ctus
298 2983 344 3046 sit,
359 3003 446 3054 neque
459 2985 539 3039 dictio
555 2985 683 3038 Herculeo
698 2985 734 3038 sit
777 2983 895 3038 felicibus
908 2985 1026 3038 infelices
1036 2985 1075 3036 ita
1086 2983 1136 3036 sint
1146 2983 1245 3043 infesti,
1257 2995 1287 3034 ut

224 3061 331 3126 (ἴωσι,
345 3061 391 3116 sed
404 3065 527 3136 AEgyptia
537 3083 545 3128 ;
557 3082 621 3117 nam
633 3063 671 3117 illi
683 3063 734 3117 He·
776 3064 814 3117 illi
837 3082 939 3135 semper
957 3081 1030 3117 arma
1051 3063 1078 3114 in
1100 3061 1221 3114 manibus
1238 3061 1286 3113 ha·

225 3141 323 3204 raclio,
336 3140 364 3194 id
380 3153 433 3205 est,
446 3144 559 3195 Junonis
572 3144 669 3215 gloria,
686 3163 731 3196 co·
774 3144 856 3195 beent
864 3153 1001 3214 oporteat,
1012 3151 1042 3192 ut
1052 3141 1105 3192 vim
1116 3140 1150 3192 ab
1160 3139 1202 3192 his
1212 3159 1287 3212 para·

225 3239 339 3291 gnomen
352 3221 412 3274 luit.
421 3244 432 3266 ι
776 3233 828 3273 tam
843 3221 980 3292 repellunt.

261 3301 321 3352 362.
336 3300 544 3362 Sioeeema‚etc.
558 3301 639 3354 Haud
652 3303 733 3354 incal-
799 3295 871 3353 Ι365.
892 3301 981 3350 Vastis.
1005 3295 1115 3349 incultis
1134 3309 1161 3350 et
1181 3299 1289 3358 vacuis,
1376 3291 1378 3310 '¹

224 3377 278 3432 lide
295 3397 311 3432 a
327 3379 402 3452 Lyco
416 3381 588 3452 premissum.
602 3382 649 3434 llle
663 3382 731 3434 enim
775 3379 855 3451 quia,
874 3395 932 3449 quae
950 3396 1034 3432 vacua
1051 3389 1111 3428 suut
1128 3375 1201 3438 loca,
1213 3389 1285 3431 vasta

225 3477 259 3510 ne
278 3458 430 3530 Megaram,
451 3459 600 3512 recentibus
621 3460 732 3512 infortu-
776 3470 802 3510 et
821 3459 921 3529 majora
942 3455 1076 3509 videntur.
1100 3455 1157 3509 Cic.
1178 3455 1211 3508 tle
1231 3457 1283 3527 leg.

224 3537 274 3588 niis
282 3536 407 3590 intentam
417 3574 426 3599 ,
435 3538 521 3590 subita
531 3537 565 3590 ad
579 3539 733 3611 conjugium
776 3539 924 3608 agrarnll,
940 3539 971 3589 26
983 3553 990 3588 :
1006 3540 1116 3588 Auemm
1125 3555 1202 3605 genia
1211 3556 1286 3604 apro-

224 3615 377 3670 invitatione
396 3615 503 3688 gravius
520 3615 656 3679 offendat,
672 3616 734 3670 inci·
776 3637 846 3679 rum,
861 3632 964 3686 propter
980 3619 1133 3668 sterilitatem
1152 3620 1284 3678 inciduun,

225 3693 265 3764 pit
276 3695 424 3766 longiorum
438 3695 600 3748 simultatum
611 3695 682 3748 mala
693 3715 735 3748 re·
771 3713 874 3765 propter
876 3699 1042 3765 pestilentiam
1052 3711 1150 3746 nasum
1162 3711 1238 3764 aequm
1246 3699 1287 3748 de·

224 3773 373 3840 censendo,
387 3773 458 3828 unde
471 3774 515 3826 illa
528 3773 732 3827 reconciliando
775 3791 874 3827 sertum.

225 3869 285 3904 cnm
300 3853 356 3923 ipso
369 3852 461 3923 gratim
474 3853 654 3905 necessitatem
666 3853 733 3906 inle-
801 3853 1177 3926 366.Squalebit.Virg.Georg.
1185 3853 1284 3922 1‚507.·
1387 3895 1390 3902 .

225 3943 333 3992 mt3nec
343 3943 404 3984 ante
412 3951 439 3985 v.
450 3931 502 3997 413
510 3931 625 4004 conjugii
635 3951 733 3986 nomen
776 3960 789 3979 ι
796 3934 919 4006 squalent
925 3933 1111 3987 abductisarva
1117 3932 1228 3986 colonis.
1237 3957 1249 3978 ι·

225 4011 733 4081 proponitur.-AganallcoteGruterus
813 4014 873 4084 367.
895 4016 1086 4066 Altus...cinis.
1108 4013 1284 4065 coacervatus

225 4087 295 4141 hanc
308 4108 399 4142 vocem
412 4105 490 4158 agant
499 4091 632 4144 sollicitari
647 4104 732 4156 vetat,
778 4104 803 4143 et
815 4092 841 4144 in
853 4090 995 4164 quamdam
1009 4091 1178 4145 altitudinem
1190 4109 1286 4162 conge·

225 4177 305 4242 atque
318 4168 344 4221 in
355 4185 446 4242 gereon
455 4171 566 4236 mutari,
577 4170 631 4223 sive
640 4171 675 4222 ad
687 4191 734 4226 no·
778 4182 842 4225 etue.
852 4171 927 4243 Virg.
939 4174 999 4225 AEn.
1011 4172 1064 4234 xl,
1075 4189 1123 4224 nn
1137 4189 1144 4223 τ
1156 4197 1167 4217 ι
1176 4173 1287 4224 Meren-
