3172 5138
401 507 480 614 39ηι
695 512 733 577 n.
758 509 932 580 nunni
960 511 1161 580 sennen

447 627 561 716 Quare
578 627 632 696 ille
651 644 792 698 montem
807 630 940 723 cupiat,
959 644 1017 698 aut
1032 655 1135 724 quare
1150 632 1268 726 petat?

445 741 634 832 Utrumque
649 739 756 806 timidi
775 753 824 807 cst
839 765 847 807 ε
865 763 962 808 nemo
980 741 1155 812 contemsit
1172 743 1280 830 mori,

447 847 517 936 Qui
535 849 736 942 concupivit.
758 849 863 943 Cujus
880 847 971 917 haud
989 847 1076 918 ultra
1094 849 1181 918 mala
1247 941 1251 948 ἢ

444 958 545 1027 Exire
566 972 723 1051 possunt,
745 959 779 1026 in
799 956 871 1026 loco
885 941 965 1027 ¹tuto
983 973 1032 1028 est
1053 961 1145 1028 situs.

446 1065 533 1154 Quis
545 1067 614 1159 jam
629 1065 766 1135 deorum
781 1065 886 1160 (veile
903 1065 976 1160 inc)
995 1067 1177 1162 quidquam
1196 1082 1309 1162 potest
1430 1127 1465 1153 ,ω

444 1172 544 1244 Malis
560 1174 626 1242 tuis
643 1174 809 1267 adjicere?
820 1173 891 1269 jam
909 1199 971 1243 nec
989 1189 1026 1244 tu
1047 1192 1160 1270 potes,
1551 1175 1552 1184 ’

444 1284 518 1354 Nisi
534 1283 614 1370 hoc,
631 1298 670 1352 ut
686 1307 756 1354 esse
774 1299 806 1352 te
822 1297 918 1378 putes
936 1283 1073 1379 dignum
1094 1311 1184 1357 nece.

446 1395 525 1463 Non
544 1417 598 1478 es;
613 1417 674 1462 nec
690 1391 757 1462 utta
776 1405 891 1486 pectus
906 1391 971 1462 hoc
986 1392 1083 1488 culpa
1101 1397 1222 1490 attigit.

403 1511 418 1606 ι’
444 1505 489 1572 Et
508 1502 573 1572 hoc
594 1503 700 1608 magis
720 1515 768 1590 te,
788 1502 930 1596 genitor,
950 1503 1114 1572 insontem
1131 1529 1232 1590 voca,

446 1610 548 1700 Quod
565 1610 724 1680 innocens
743 1633 794 1694 es,
808 1610 872 1678 diis
889 1633 1022 1703 quoque
1039 1611 1162 1681 invitis.
1187 1613 1283 1702 Quid
1296 1627 1350 1682 est
1426 1635 1470 1676 =·⁵.

362 1773 364 1776 -
446 1719 547 1808 Quod
568 1734 600 1788 te
618 1719 779 1808 effecerit,
797 1718 889 1814 quod
907 1743 1011 1822 novos
1026 1719 1189 1790 suffixerit

399 1903 556 1975 terrogunti,
568 1901 702 1974 quomodo
712 1901 824 1973 intelligi
831 1911 911 1973 queat
952 1909 1059 1972 temque
1067 1900 1134 1955 adeo
1142 1901 1226 1974 ipaam
1233 1914 1461 1969 communemve

397 2003 471 2035 casata
485 2003 542 2034 snos
554 2003 716 2035 onerare.·-
727 1985 770 2033 Cui
781 1986 827 2032 deo
842 1983 909 2031 nullo
953 1978 1032 2051 igitur
1039 1999 1074 2034 ne
1081 1979 1146 2054 qnid
1154 1979 1460 2052 indignumtnaperaona

399 2078 518 2129 canopus.
535 2062 640 2116 uprava
656 2071 725 2122 crat,
743 2059 831 2131 inquit
845 2059 909 2111 Gru·
952 2057 1091 2123 admittas,
1113 2056 1329 2131 uoncnpiacendo
1353 2071 1460 2113 mortem

397 2141 508 2207 novius,
521 2153 599 2212 atque
614 2138 693 2210 impia
708 2137 850 2192 obstinatio
857 2137 910 2190 Va·
952 2149 1007 2190 tnm
1021 2137 1202 2210 impatienter.
1214 2163 1225 2185 ι

397 2230 495 2286 tunm,
503 2219 655 2291 putentium
664 2217 691 2269 iu
701 2219 823 2270 extremis
833 2215 910 2269 mulia
991 2218 1050 2284 198.
1069 2220 1142 2286 Gin'acs
1156 2221 1227 2270 nand
1241 2221 1320 2277 ultra,
1339 2229 1391 2270 etc.
1405 2217 1460 2269 Nun

398 2309 477 2369 atque
495 2309 567 2350 extra
586 2315 662 2368 apem
679 2296 777 2368 poeitoa
796 2313 845 2348 nec
858 2293 909 2347 diie
953 2308 991 2348 eat
1002 2314 1051 2349 cur
1063 2309 1176 2348 mortem
1188 2296 1384 2368 cupiua,qnum
1392 2297 1461 2349 nulla

398 2395 448 2430 nec
462 2377 528 2430 notia
543 2375 678 2448 indigere,
692 2373 772 2446 idque
788 2393 837 2446 pro
851 2374 909 2426 niti·
952 2373 1000 2426 tibi
1016 2373 1152 2428 calamitae
1171 2373 1315 2428 metuenda
1335 2374 1460 2446 supersit,

398 2473 444 2509 mo
460 2455 555 2509 edatio
568 2454 774 2507 habentium...
789 2453 833 2507 sic
846 2452 910 2506 Cne-
953 2463 980 2506 et
1004 2453 1126 2505 exhausta
1154 2452 1206 2506 aiut
1227 2471 1395 2525 quecunque
1411 2455 1461 2526 pati

398 2533 494 2588 aandna
512 2533 540 2586 in
557 2533 768 2603 Agamemnone:
790 2533 909 2599 Equidem
952 2543 1063 2605 poterae.
1080 2532 1125 2585 Sic
1136 2531 1216 2586 ovid.
1230 2533 1294 2586 Met.
1306 2533 1386 2600 XIV,
1399 2536 1460 2605 ⁴⁸7²

399 2633 446 2666 nec
459 2616 510 2665 nlla
524 2613 614 2663 caelites
623 2614 698 2679 placo
709 2629 783 2678 prece
796 2630 805 2660 .·
823 2615 876 2662 Nec
888 2615 911 2664 si
953 2636 964 2658 ι
974 2609 1039 2683 quid
1056 2610 1136 2663 habet
1153 2609 1290 2684 Cythera,
1308 2613 1384 2684 quod
1397 2613 1461 2665 ultra

398 2695 480 2744 velint
497 2693 582 2742 saevire
601 2709 649 2757 quo
671 2703 789 2750 noceant,
808 2692 908 2744 itabant.
952 2689 1041 2759 (velle
1055 2693 1131 2761 puta)
1147 2689 1246 2744 faciet?
1258 2705 1322 2743 natm
1339 2689 1405 2745 dum
1418 2711 1461 2764 pe·

398 2767 910 2840 Siciniioadibnanndromacheneapi·
950 2768 1008 2840 joaa
1025 2767 1164 2832 timeatur,
1183 2769 1232 2822 Eat
1251 2769 1326 2822 iocus
1340 2771 1370 2822 in
1385 2783 1460 2824 vnto:

399 2849 471 2903 ciena
488 2848 661 2921 Astyanacta:
678 2849 746 2915 cogit
758 2849 798 2899 tte
814 2849 911 2914 aliquid
951 2865 1010 2900 aura
1022 2859 1111 2902 autem
1126 2849 1174 2900 ubi
1186 2847 1300 2920 peanima
1311 2867 1403 2902 rerum
1417 2862 1461 2914 eat,

398 2933 458 2981 deos
471 2931 559 2980 Aetne
577 2925 677 2994 rogare.
699 2927 784 2998 Ergo,
803 2928 844 2976 cui
862 2929 909 2978 deo
951 2926 1007 2981 Sub
1024 2924 1136 2998 pedibus
1155 2925 1234 2979 timor
1250 2939 1304 2994 est,
1321 2945 1462 3000 aecneaque

399 3011 467 3060 nulle
478 3020 597 3074 estopua,
607 3016 663 3068 eat,
677 3005 723 3077 qui
735 3003 802 3056 nihil
813 3001 892 3056 habet
899 3043 908 3069 ,
952 3022 1056 3058 summa
1069 3005 1208 3059 malorum.
1216 3031 1232 3050 ι

400 3083 473 3158 qnod
486 3095 562 3154 rogat
574 3080 656 3150 deon,
675 3083 722 3158 qui
742 3099 802 3136 cum
823 3101 868 3155 ape
882 3093 908 3135 et
990 3101 1049 3152 ¹99-
1062 3087 1148 3137 Exire.
1163 3085 1199 3137 H.
1210 3102 1237 3137 e.
1246 3083 1362 3138 extendi.
1373 3085 1460 3140 Senee.

400 3163 469 3218 notia
481 3161 616 3232 transegit.
629 3186 642 3207 ι
950 3159 985 3214 de
997 3161 1091 3216 brevit.
1102 3163 1151 3216 vit.
1163 3165 1179 3216 6
1191 3179 1199 3214 ε
1222 3169 1311 3216 Vestra
1325 3167 1395 3226 vica,
1412 3168 1462 3216 nee

400 3269 401 3274 ¹
439 3259 497 3312 197.
511 3243 641 3308 Utrumque
653 3241 731 3292 timidi
742 3253 787 3292 est.
805 3239 907 3310 Cnpeae
949 3261 1025 3310 snpra
1039 3246 1106 3296 mille
1118 3261 1201 3294 annos
1215 3256 1305 3304 exeat,
1320 3247 1347 3294 a'n
1361 3247 1462 3295 arcanni-

399 3321 441 3376 vel
453 3329 542 3391 petere
555 3329 666 3371 mortem
680 3317 768 3390 ignavi
779 3315 858 3369 animi
868 3317 907 3370 in·
950 3339 1016 3372 mum
1030 3322 1194 3372 contrahetur.

401 3398 502 3454 dicium
523 3408 570 3451 eat.
591 3395 623 3448 P.
638 3397 734 3468 Synna:
758 3395 863 3448 «Rebne
880 3396 906 3448 in
987 3418 1045 3452 noo.
1055 3402 1114 3468 Quis
1117 3398 1460 3468 jamunmm‚ete.Ett=mi

402 3476 518 3534 adveraia
527 3475 602 3528 facile
612 3488 650 3528 eat
661 3485 827 3528 contemnere
838 3493 908 3528 moa·
950 3473 989 3530 dii
1003 3477 1075 3531 maiia
1086 3477 1139 3530 tuin
1151 3477 1233 3530 velint
1242 3475 1376 3547 adjicere,
1391 3475 1460 3548 qnid·

403 3571 474 3612 tem:
489 3554 594 3608 Fortius
611 3553 656 3605 ilie
675 3553 752 3617 iacit,
771 3553 817 3626 qui
829 3553 908 3606 minen
951 3573 1066 3628 quamne
1074 3555 1190 3628 adjicere
1199 3551 1314 3626 possint?

402 3653 461 3688 eane
470 3635 696 3704 pomata-Nemo
707 3634 843 3693 contemsit,
853 3644 905 3686 etc.
990 3653 1049 3688 ana.
1061 3638 1117 3686 Nisi
1124 3638 1182 3695 noc,
1195 3644 1245 3686 etc.
1258 3633 1315 3686 Hoc
1324 3644 1427 3686 tantum
1436 3647 1460 3685 te

402 3715 444 3768 Ita
451 3711 632 3766 schenden-ne:
647 3735 658 3759 ι
668 3711 703 3776 In,
712 3711 758 3783 qui
769 3709 843 3764 maiia
853 3730 911 3784 pne·
953 3730 1034 3784 penca
1047 3724 1085 3766 eat
1097 3712 1210 3766 miamiia
1232 3711 1349 3779 addere,
1368 3729 1460 3784 nempe

403 3792 538 3846 mentibu·
547 3794 634 3862 imper
644 3791 829 3861 moriexoptat,
838 3809 909 3844 mon·
953 3803 983 3845 ut
995 3803 1021 3844 te
1031 3803 1105 3863 putea
1118 3790 1231 3862 dignum
1242 3810 1315 3844 nece.

405 3887 461 3926 tem
472 3872 572 3940 ipsam,
585 3867 613 3922 id
625 3867 697 3940 quod
708 3869 757 3922 viri
771 3869 843 3923 souta'a
855 3882 908 3935 eat,
989 3871 1047 3925 20⁵.
1060 3873 1111 3922 Diis
1127 3890 1224 3938 queque
1241 3873 1331 3922 invitis.
1344 3868 1398 3934 Qui
1411 3883 1458 3922 tue

403 3945 909 4019 contemnerehauddicipoterit.Qnare
952 3948 1109 4004 innocentiae
1126 3948 1201 4002 totiea
1216 3949 1330 4003 insidiati
1343 3963 1418 4009 sunt,
1435 3961 1459 3999 et

404 4030 428 4086 ai
442 4028 465 4082 ia
477 4024 651 4091 veliahaberi,
661 4039 746 4096 puter,
756 4026 803 4097 qui
816 4040 909 4081 cuncta
954 4040 978 4081 te
994 4027 1020 4081 in
1035 4039 1107 4082 tanta
1121 4027 1236 4098 flagitia,
1252 4029 1299 4084 aed
1312 4027 1458 4100 impruden·

407 4109 509 4164 minora
531 4101 612 4156 ducaa
635 4115 680 4156 tun
704 4105 820 4170 virtute.
838 4125 908 4160 mor·
953 4119 1016 4172 tem,
1025 4106 1219 4177 compulerunt.
