3168 5140
565 617 898 706 DRAMATIS
933 607 1252 711 PERSONAE.

844 821 976 842 κ...-

460 959 724 1027 THYESTES.
791 1003 794 1026 .

461 1077 666 1149 ATREUS.

459 1195 727 1267 TANTALUS.

459 1317 690 1384 MEGAERA.

462 1433 785 1520 PLlSTllENES,
806 1435 981 1503 annsrrs
1002 1455 1128 1504 armus.

373 1546 375 1554 ’
462 1551 609 1621 Cnonns
631 1573 752 1621 snrnu
770 1551 1046 1622 Mronrnonnu.

461 1671 741 1757 TANTALUS,
766 1672 939 1740 Tmnsms
959 1693 1092 1754 rimus,

462 1791 572 1858 Anius
590 1787 765 1858 Turnsrrs
785 1811 919 1874 rrnrns,

462 1909 657 1992 Sarnnnns,
676 1931 842 1978 nunnius.

1163 1745 1263 1800 mutae
1284 1757 1439 1827 personae.

823 2084 1008 2110 n*-

744 2225 1091 2284 ARGUMENTUM.

383 2377 530 2448 Regnante
543 2371 673 2446 Mycenis
688 2374 796 2440 Atreo,
810 2369 951 2446 Thyestes
963 2372 1025 2449 ejus
1038 2373 1141 2446 frater,
1158 2377 1272 2456 imperii
1287 2381 1342 2441 sibi
1356 2384 1445 2444 vindi-

424 2461 510 2520 candi
528 2460 686 2540 cupiditate
706 2473 871 2539 correptus,
892 2481 1012 2522 aureum
1032 2467 1165 2540 arietem,
1184 2470 1214 2528 iu
1234 2473 1315 2550 cujus
1334 2495 1445 2554 posses-

425 2553 506 2611 sione
518 2553 576 2612 fata
589 2553 669 2631 regni
682 2553 809 2630 reposita
822 2552 1031 2632 credebantur,
1043 2578 1097 2638 per
1111 2565 1242 2623 fraudem
1254 2565 1445 2646 subduxerat,

426 2644 580 2722 adjuvante
587 2651 704 2724 Aerope
715 2646 829 2724 regina,
837 2647 920 2706 Atrei
931 2668 1040 2724 uxore,
1052 2675 1141 2732 quam
1147 2657 1285 2735 Thyestes
1295 2660 1324 2718 in
1336 2663 1447 2724 adulte—

426 2739 501 2796 rium
512 2738 680 2815 pellexerat.
688 2736 760 2796 Inde
770 2735 887 2796 dissidia
896 2737 1062 2822 bellumque
1070 2745 1146 2806 inter
1155 2749 1266 2808 fratres.
1276 2757 1344 2812 Post
1352 2757 1447 2814 varias

427 2833 549 2890 fortunat
562 2832 638 2890 vires
652 2830 732 2911 (nam
747 2851 783 2888 ex
799 2831 854 2889 hac
867 2831 930 2910 ipsa
943 2837 1094 2915 tragoedia,
1105 2861 1134 2898 v.
1145 2843 1218 2916 ²37,
1234 2845 1335 2903 inferri
1353 2860 1447 2925 potest

426 2925 566 2982 erravisse
585 2923 753 3000 aliquandiu
771 2931 906 3000 Atreum,
928 2929 1071 3007 dejectum
1087 2942 1209 3011 regno),
1229 2937 1387 3014 Thyestes,
1411 2961 1447 2998 ex

426 3017 499 3076 solio
513 3016 598 3076 simul
608 3029 637 3075 et
656 3016 728 3076 urbe
745 3020 861 3097 pulsus,
875 3021 927 3080 diu
942 3023 1030 3082 vitam
1048 3037 1175 3085 traxerat
1188 3029 1320 3089 miseram
1338 3047 1369 3090 et
1381 3034 1447 3092 ino-

427 3126 503 3186 pem.
518 3114 625 3167 Atreus
639 3128 710 3166 vero
720 3110 838 3170 ultionis
847 3113 924 3172 ultra
934 3113 1051 3174 modum
1062 3133 1218 3197 appetens,
1229 3137 1261 3182 ut
1272 3126 1374 3185 sceleri
1385 3147 1447 3205 poe-

427 3221 493 3260 nam
507 3215 617 3278 aequet,
631 3203 713 3280 fingit
727 3224 757 3263 se
772 3206 846 3263 velle
861 3207 1010 3284 pristinam
1026 3211 1173 3271 caritatem
1187 3235 1253 3274 oum
1267 3217 1357 3278 fratre
1370 3220 1449 3278 resti·

429 3304 519 3351 tuere.
535 3293 623 3352 Redit
637 3294 725 3372 igitur
740 3295 895 3373 Thyestem
916 3311 945 3356 et
961 3314 1113 3380 postquam
1130 3306 1266 3383 pavidum
1286 3330 1339 3370 nec
1354 3313 1448 3371 adhuc

429 3384 552 3442 fortune
563 3404 621 3448 sua
635 3386 827 3447 confidentem
839 3395 944 3448 Atreus
957 3392 1090 3452 simulato
1102 3396 1208 3473 gaudio
1224 3402 1353 3481 excepit,
1367 3418 1448 3464 natos

428 3475 502 3552 ejus,
517 3496 571 3555 pro
585 3475 733 3538 obsidibus
745 3495 892 3559 acceptos,
907 3483 944 3542 ad
956 3503 1020 3544 aras
1033 3489 1174 3562 trucidat,
1185 3506 1215 3551 et
1227 3495 1388 3572 epulandos
1399 3519 1447 3577 ge-

428 3568 515 3626 nitori
532 3569 666 3650 apponit,
682 3571 833 3651 ipsumque
852 3593 952 3634 eorum
974 3598 1123 3654 cmorem,
1149 3583 1218 3642 vino
1243 3591 1448 3663 commixtum,

428 3659 620 3720 hauriendum
629 3661 749 3741 prabet.
758 3669 833 3724 Tum
842 3666 951 3726 ultione
965 3684 1082 3744 exacta,
1094 3673 1175 3751 cujus
1188 3677 1394 3741 immanitatem
1408 3685 1447 3742 sol

430 3751 576 3812 horruisse
587 3753 703 3826 dieitur,
713 3769 743 3815 et
756 3758 855 3838 refugo
867 3780 953 3821 cursu
963 3762 1157 3838 damnavisse,
1172 3776 1277 3830 Atreus
1290 3773 1375 3834 fratri
1386 3795 1450 3853 ape·

430 3845 469 3904 rit
479 3847 624 3905 exsultans
638 3848 743 3927 quibus
758 3847 881 3930 dapibus
896 3854 999 3914 famem
1013 3860 1187 3937 expleverit,
1201 3877 1231 3922 et
1245 3866 1449 3945 imprecantem

429 3935 538 4100 irpidpt.
552 3938 562 4017 (
570 3938 636 3997 Vid.
650 3959 715 4016 quae
727 3941 764 4000 de
776 3959 944 4019 argenteam
962 3947 1038 4007 infra
1052 3953 1228 4025 notavimus,
1244 3957 1281 4014 ad
1299 3978 1355 4018 vss.
1371 3961 1408 4018 33
1422 3973 1450 4018 et

431 4037 446 4096 A
471 4049 512 4087 a.

728 4153 1113 4191 ψ
