3210 5140
413 550 483 636 164
599 552 650 618 IN
678 549 964 618 HERCULEM
991 549 1268 618 FURENTEM

404 673 505 748 (1594)
519 680 599 734 melius
617 678 752 750 receperit.
770 675 954 732 confidentior
966 676 1065 732 Baden.
1082 678 1152 732 banc
1166 677 1394 746 emendationem,
1409 682 1463 752 pri·

404 779 477 813 mum
495 751 594 829 (1798)
613 759 801 829 improbatam,
816 759 956 812 recentiori
975 759 1058 812 textui
1077 777 1127 812 suo
1142 751 1244 826 (1821)
1261 759 1368 823 intulit,
1382 777 1463 832 eaque

405 839 473 893 nibil
486 840 584 894 certius
596 837 744 891 affirmavit.
756 839 883 910 Exempla
895 836 1003 907 quidem
1016 855 1070 890 non
1082 836 1184 891 desunt.
1198 836 1336 892 Cleudian,
1347 839 1376 890 in
1388 841 1463 910 praei.

404 920 452 972 lib.
465 919 508 983 11,
520 916 555 971 de
569 931 648 988 raptu
658 917 780 988 Proserp.
792 937 819 970 v.
834 917 868 981 45
884 935 891 968 :
906 917 960 969 «Te
973 916 1100 969 maximus
1113 917 1186 970 Atlas
1197 917 1324 982 Horruit,
1339 918 1463 989 imposito

405 1017 487 1070 quurn
501 1016 649 1068 premerere
661 997 733 1068 polo.
746 997 862 1049 Firmior
873 996 1000 1052 Herculea
1012 992 1127 1067 mundus
1138 995 1242 1048 cervice
1255 994 1409 1068 pependit.»
1422 997 1462 1051 ld.

405 1077 440 1131 de
452 1076 575 1130 laudibus
588 1076 673 1130 Stilic.
686 1077 715 1138 I,
729 1076 782 1139 143
794 1094 801 1128 :
815 1075 878 1128 «Sic
891 1075 1006 1129 Hercule
1018 1073 1151 1146 quondam
1166 1073 1336 1128 Sustentante
1354 1077 1461 1148 polum

405 1157 501 1210 melius
514 1155 610 1208 librata
625 1154 756 1226 pependit
769 1156 901 1209 Machina.
914 1181 925 1204 s
942 1155 1035 1225 Neque
1049 1153 1154 1207 inficior
1166 1155 1312 1225 speciosam
1324 1156 1394 1208 hanc
1408 1175 1463 1210 esse

404 1235 543 1290 lectionem
558 1255 565 1286 :
579 1233 637 1300 sed,
653 1235 714 1306 quia
729 1253 821 1288 omnes
835 1234 939 1288 codices
951 1247 978 1287 et
991 1233 1053 1286 libri
1068 1231 1102 1286 ad
1116 1233 1239 1288 tuendam
1251 1235 1383 1305 vulgatam
1397 1254 1462 1289 con·

404 1316 522 1386 spirent,
536 1315 669 1384 vulgatam
681 1315 798 1378 retineo,
812 1333 862 1367 nec
874 1312 1089 1384 improbabilem,
1102 1331 1151 1366 neo
1162 1313 1304 1384 spernendi
1315 1333 1415 1368 sensus.
1424 1345 1463 1359 —-

404 1395 480 1448 Sedit.
497 1394 679 1447 Varsovieusis
692 1393 763 1466 apud
777 1393 875 1448 Beden.
889 1397 961 1446 stetit.

445 1480 492 1543 74.
508 1474 612 1541 Quaerit.
626 1474 720 1526 Monet
732 1475 824 1527 Delrio
839 1473 919 1526 scribi
932 1484 1021 1544 queret
1034 1472 1062 1524 in
1073 1471 1209 1524 nonnullis
1224 1473 1402 1546 autographis.

445 1557 492 1623 76.
513 1552 570 1604 lam
592 1553 679 1606 lacere
704 1553 822 1606 Gronov.
837 1551 917 1606 Roth.
939 1548 1003 1604 Bad.
1016 1556 1068 1622 ipsc
1085 1551 1207 1613 diesem
1225 1570 1304 1622 quam
1320 1553 1460 1606 lectionem

404 1652 435 1685 ex
456 1633 575 1684 Florent.
592 1629 653 1683 cod.
673 1629 837 1702 desumptum
860 1631 897 1684 sic
918 1642 1009 1684 tuetur
1026 1629 1176 1684 Badenius:
1192 1631 1256 1683 «Est
1271 1633 1366 1686 melius
1384 1653 1462 1704 quarn

404 1709 477 1781 quod
492 1710 554 1762 alias
569 1709 666 1779 legitur
678 1713 730 1780 jam
743 1713 840 1772 lacem
855 1729 917 1763 nam
934 1711 1065 1762 dilucevnne
1084 1711 1146 1763 leris
1161 1711 1299 1780 proprium
1316 1725 1372 1776 est;
1387 1713 1461 1785 atqui

399 1791 519 1843 ferarum
536 1789 565 1840 in
585 1789 670 1842 vinem
684 1790 739 1861 ipsa
755 1793 808 1862 jam
825 1788 943 1844 succedit
956 1791 1038 1843 Juno.
1048 1816 1059 1838 ι
1076 1788 1157 1854 Quasi
1176 1790 1280 1841 luoemre
1294 1791 1382 1844 minus
1395 1793 1461 1845 iern-

404 1889 464 1922 rum
476 1870 510 1921 sit
520 1886 600 1940 quam
613 1867 761 1922 dilacerare!
778 1870 834 1923 Cur
852 1883 940 1923 autern
959 1867 1057 1923 Badeo.
1070 1870 1191 1922 voculam
1198 1873 1252 1939 piam
1263 1888 1279 1921 e
1292 1883 1364 1923 textu
1379 1873 1464 1937 tollit,

404 1968 484 2021 quum
494 1945 613 2000 eamdem
622 1947 656 2000 ad
670 1948 853 2020 explicandum
866 1951 954 2004 locum
965 1949 1135 2002 necessariam
1143 1948 1257 2019 judicet,
1270 1947 1462 2022 adhibentque,

407 2029 543 2081 deserum
561 2027 588 2079 in
604 2027 689 2082 vicem
705 2030 760 2101 ipsa
772 2032 827 2098 jam
843 2029 962 2084 succedit
976 2029 1047 2083 Jnno
1059 2028 1086 2081 »Ρ
1100 2029 1206 2081 Plenior
1218 2041 1257 2082 est
1267 2047 1358 2082 sensus
1373 2043 1463 2084 vetere

403 2107 516 2160 lectione
528 2120 643 2161 servata:
659 2109 816 2163 «Herculem
829 2109 885 2179 ipsa
897 2111 951 2179 jam
962 2109 1060 2174 lacera,
1071 2107 1144 2180 quod
1159 2107 1278 2160 nondum
1290 2109 1387 2176 lecisti;
1403 2129 1462 2163 nam

402 2189 555 2258 buo-neque
570 2184 631 2241 odia
647 2200 692 2240 tua
707 2189 856 2260 Eurystheo
872 2187 1030 2240 mandavisti
1045 2213 1075 2252 ι,
1091 2201 1140 2242 etc.
1158 2186 1233 2240 Adde
1247 2189 1321 2260 quod
1336 2207 1367 2241 en
1382 2191 1460 2242 lectio

404 2267 432 2320 in
445 2266 569 2319 omnibus
584 2266 660 2320 MSS.
676 2279 702 2319 et
715 2269 846 2320 veteribus
861 2265 935 2321 editt.
951 2267 1091 2339 reperitur.

443 2365 490 2417 77.
504 2345 573 2414 Quid
584 2358 652 2398 tanta
667 2347 775 2398 mandas.
788 2346 879 2418 Lipsio
893 2366 944 2418 pro
959 2359 1027 2398 tanta
1042 2347 1126 2417 placet
1141 2350 1223 2408 ιαείια,
1238 2345 1312 2417 quod
1325 2348 1363 2401 sic
1379 2349 1467 2420 erpli·

402 2439 463 2480 cat:
478 2423 570 2490 «Quid
582 2443 648 2496 opus
662 2429 730 2478 clam
740 2438 765 2478 et
777 2444 823 2496 per
836 2427 900 2479 alios
913 2444 1024 2490 nocere,
1037 2424 1181 2479 lacessere?
1191 2425 1264 2490 Quin
1278 2428 1361 2495 palam
1373 2445 1462 2482 armos

403 2503 533 2560 etodium
547 2504 637 2574 aperio
650 2505 703 2574 jam
717 2504 788 2575 ipsa?
800 2531 811 2550 ι
826 2506 901 2557 Vana
913 2517 939 2558 et
952 2505 1053 2559 inutilis
1063 2504 1213 2559 emendatio
1227 2523 1234 2556 ι
1249 2507 1414 2576 aptissimum
1424 2521 1463 2561 est

404 2595 488 2645 tantc,·
500 2600 561 2634 nam
576 2601 633 2653 qno
642 2587 727 2654 majus
738 2595 777 2637 est
789 2583 882 2638 odium
893 2586 910 2637 J
912 2585 1020 2650 ononis,
1033 2603 1066 2637 eo
1078 2584 1159 2655 tnagis
1170 2581 1203 2637 ad
1215 2583 1289 2637 deam
1301 2586 1397 2639 attinet
1406 2604 1461 2640 reru

403 2673 514 2734 agerent
526 2662 655 2715 consultis
667 2663 734 2716 lacta
744 2665 865 2734 jungere.
877 2664 1038 2736 Rnpbeleng.
1051 2666 1228 2736 conjecturam
1240 2664 1322 2736 Lipsii
1333 2685 1389 2718 non
1399 2685 1462 2737 pro-

401 2741 489 2806 bavit,
501 2752 528 2793 et
541 2739 626 2794 edidit
638 2753 714 2795 tanta.
727 2742 869 2808 Heinsius,
882 2745 967 2807 tarda·
978 2755 1005 2796 et
1017 2761 1093 2802 mox,
1108 2743 1231 2795 discedunt
1235 2747 1299 2810 seroe
1309 2763 1318 2797 :
1330 2750 1379 2815 ipse
1389 2749 1462 2816 impe·

403 2821 480 2874 mrado
495 2822 575 2887 sessus
592 2822 741 2894 Eurystheus
760 2835 844 2888 cacat,
864 2824 939 2894 quasi
955 2835 1015 2895 post
1029 2823 1089 2894 qnid
1106 2835 1173 2874 tanta
1194 2823 1293 2875 mundus
1312 2824 1391 2876 odic?
1408 2844 1461 2878 non

402 2913 491 2972 posset
510 2898 564 2953 dici
583 2901 685 2953 Titanas
702 2905 796 2964 emitte,
817 2900 891 2973 quod
908 2920 1014 2956 rursum
1033 2901 1182 2956 mandantis
1200 2915 1247 2955 est.
1267 2901 1320 2955 Sed
1336 2903 1408 2957 eliud
1423 2918 1462 2958 est

400 2981 537 3032 Junonem
553 2978 679 3032 mandare
697 2981 826 3034 ultionem
845 3001 918 3035 susm
934 2982 1099 3054 Eurystheo,
1119 2983 1165 3054 qui
1184 2982 1323 3034 Herculem
1338 2984 1463 3053 periculis

402 3059 525 3130 objiciat,
541 3058 612 3112 aliud
627 3077 641 3112 a
653 3060 760 3114 lunone
771 3061 827 3132 ipsa
841 3061 981 3116 Herculem
993 3062 1110 3115 exerceri
1119 3075 1146 3115 et
1159 3063 1188 3114 in
1199 3061 1287 3116 onmia
1297 3062 1357 3116 vitie
1369 3061 1462 3117 discri-

403 3141 474 3192 mina
489 3138 605 3192 immitti.

444 3220 490 3288 78.
505 3218 653 3289 Impemudc.
669 3219 727 3274 MS.
742 3221 825 3274 Paris.
840 3221 930 3288 8025,
944 3222 1069 3292 sperando.

444 3298 490 3353 83.
510 3298 621 3351 Sublimis
640 3299 710 3353 olias.
730 3301 765 3352 In
784 3301 921 3354 nonnullis
938 3301 1013 3355 editt.
1034 3312 1113 3366 vett,
1132 3313 1188 3354 turo
1208 3301 1411 3371 Herbipolensi,
1431 3313 1462 3352 ut

401 3389 511 3430 testatur
524 3377 630 3440 Delrio,
642 3391 699 3431 tum
710 3378 812 3432 lsoardi
822 3394 848 3433 et
860 3379 973 3452 AEgidii,
987 3399 1045 3452 ques
1055 3381 1120 3433 mihi
1135 3379 1169 3432 ad
1180 3397 1288 3432 menum
1301 3381 1388 3445 luere,
1399 3382 1460 3432 anas

402 3457 507 3527 legitur.
519 3457 614 3510 Ceteri
628 3470 673 3510 aut
683 3477 715 3510 ex
726 3459 803 3512 MSS.
818 3471 863 3512 aut
876 3477 907 3512 ex
922 3458 1077 3523 Fernando,
1093 3472 1138 3512 aut
1151 3479 1183 3514 ex
1196 3459 1328 3511 Politiano
1341 3450 1395 3526 (de
1409 3479 1461 3531 quo

404 3536 432 3588 in
449 3550 503 3590 not.
520 3553 548 3606 p.
570 3535 634 3602 13),
650 3538 712 3588 alias
726 3553 940 3609 assumpserunt,
956 3537 1029 3610 qnod
1045 3539 1138 3592 melius
1153 3557 1208 3592 esse
1222 3557 1301 3592 nemo
1317 3540 1459 3609 negaverit

445 3618 491 3679 84.
509 3616 575 3666 Vicit
589 3618 644 3670 ists.
662 3617 719 3670 MS.
735 3619 816 3671 Paris.
832 3618 925 3682 8031,
940 3621 1002 3670 vicit
1013 3631 1087 3670 nstro.

444 3697 489 3762 89.
504 3693 617 3764 Superbe.
632 3695 664 3747 Iu
678 3697 806 3761 Etrusco,
820 3697 944 3766 cumbe,-
957 3695 1031 3768 quod
1043 3717 1123 3768 quum
1139 3697 1166 3749 in
1181 3710 1279 3750 textum
1293 3695 1462 3750 introducere

401 3790 457 3824 non
476 3785 566 3843 posset
584 3775 752 3842 Gronovius,
770 3777 859 3830 innuit
877 3795 904 3829 se
921 3779 1079 3846 conjecturo
1097 3777 1158 3830 Nic.
1180 3777 1280 3829 Heinsii
1300 3777 1401 3840 lavere,
1418 3777 1461 3828 cui

401 3852 513 3921 saperdas
524 3851 633 3921 placuit.
642 3854 709 3917 Alii,
722 3875 842 3927 supernus.
855 3857 939 3909 Tanta
952 3867 991 3910 eet
1009 3855 1154 3910 innovandi
1167 3856 1292 3928 prurigo!
1308 3855 1408 3928 optima
1424 3867 1462 3908 est

399 3929 519 4022 vulgata,
530 3944 609 4002 atque
624 3933 691 3986 banc
704 3933 771 3990 adeo
785 3935 881 3988 mutari
893 3954 948 3988 non
962 3954 1066 3990 necesse
1079 3947 1132 4002 est,
1145 3950 1220 3989 utne
1233 3934 1341 3988 delendi
1354 3933 1461 4005 quidem

400 4026 469 4078 opus
480 4022 522 4080 ert.

442 4107 488 4158 90·
505 4089 619 4142 Hronanc
627 4129 635 4153 ,
653 4105 703 4144 etc.
713 4093 780 4146 Ante
794 4094 866 4148 hunc
877 4112 982 4147 versum
996 4095 1023 4147 in
1038 4095 1132 4166 primis
1147 4092 1221 4146 editt.
1239 4093 1336 4164 legitur
1349 4093 1462 4146 monela

396 4171 449 4236 jam
462 4180 519 4220 suni
532 4167 609 4229 betta‹‚·
625 4170 733 4224 clarescit
748 4171 812 4235 dies,
828 4171 900 4244 quod
915 4171 1022 4244 Lipsius
1037 4171 1071 4226 ad
1086 4192 1152 4227 vers.
1171 4174 1224 4226 123
1241 4173 1369 4246 compulit
1386 4167 1459 4242 (vid.

398 4246 482 4313 inira,
495 4266 522 4318 p.
534 4252 603 4317 167,
618 4267 677 4320 qua
692 4248 726 4302 ad
744 4269 812 4306 vers.
828 4252 880 4306 sal
899 4251 1066 4332 notavimus).
1081 4254 1204 4307 Attamen
1219 4253 1348 4308 Commel.
1364 4265 1392 4306 et
1407 4255 1458 4306 lla·
