3118 5138
365 541 415 608 m
440 539 710 608 rracosnus
734 519 929 610 sennen.
1056 542 1171 633 cxxvi,

232 663 268 716 Et
280 676 408 716 nummos
420 660 482 715 edat
495 661 596 729 varios,
609 661 706 734 quibus

234 750 352 803 Adtonet
364 767 444 802 omne
457 749 545 802 virens
559 753 611 802 late
623 767 732 815 nemus,

233 839 269 892 Et
281 839 355 892 tortis
368 855 460 891 errans
470 838 516 909 qui
527 837 645 892 flexibus.

25 1029 26 1056 ,
155 962 198 1026 Hi
217 984 346 1044 versus,
363 962 420 1026 sie
440 961 515 1026 solis
528 977 773 1050 componuntur
788 961 957 1050 spondeis,
975 964 1082 1028 minus
1099 983 1177 1029 sunt

25 1069 26 1092 ¹
112 1069 240 1152 sonom,
257 1069 366 1132 minus
379 1065 632 1148 accommodati;
646 1082 684 1131 nt
698 1067 733 1131 in
751 1066 901 1155 OEdipo,

25 1139 27 1230 l
234 1197 270 1250 Et
281 1197 380 1251 Pboebo
391 1197 484 1250 laurus
497 1175 609 1252 charum
618 1213 720 1251 nemus.

25 1281 26 1318 l

25 1335 26 1416 ἶ
116 1334 215 1418 Quod
236 1337 271 1398 in
292 1332 360 1399 aliis
376 1347 531 1422 praterea
552 1331 682 1398 duobm
705 1333 740 1396 in
759 1333 824 1398 hoc
846 1347 942 1422 poeta
967 1333 1179 1423 deprehendi·

116 1464 196 1505 mus.
217 1440 301 1506 Nam
319 1439 383 1505 dici
403 1440 548 1530 dactylus
569 1453 691 1529 potest,
712 1455 843 1506 auctore
858 1441 986 1525 Attilio,
1006 1443 1063 1528 qui
1079 1442 1177 1531 pedes

117 1568 228 1610 omnes
243 1545 407 1634 spondeos
425 1545 545 1610 habet:
568 1544 632 1610 dici
648 1545 822 1628 iambicus,
834 1546 891 1634 qui
908 1545 1060 1635 spondeis
1082 1550 1179 1612 maxi·

25 1731 26 1746 ,
118 1675 165 1716 ma
182 1675 201 1716 e
221 1669 313 1740 parte
331 1651 496 1735 abundat,
522 1649 613 1740 quod
631 1651 665 1716 in
685 1652 843 1717 Plautinis
863 1654 1063 1717 Camerarius
1080 1676 1179 1719 anno·

119 1759 209 1822 tavit:
229 1755 294 1821 dici
316 1757 545 1846 anapesticus,
570 1755 685 1822 eadem
707 1755 748 1822 de
768 1777 881 1837 cause,
904 1756 945 1821 de
964 1779 1032 1845 quo
1054 1755 1177 1822 dictum

119 1863 211 1950 paulo
228 1879 306 1927 ante
323 1877 381 1927 cst.
407 1863 503 1926 Ratio
523 1877 572 1928 est
587 1860 638 1949 (ut
658 1847 745 1928 idem
760 1861 904 1951 Attilius)
917 1863 992 1951 qnia
1005 1885 1063 1951 pes
1076 1885 1176 1952 spon·

120 1969 194 2035 deus
206 1987 310 2035 metm
323 1970 434 2034 omnia
449 1969 596 2052 ordinat,
614 1985 712 2058 atque
727 1968 882 2058 disponit.

160 2147 212 2214 IV.
230 2146 431 2239 Dactylicum
448 2165 687 2238 pentametrum
707 2148 865 2236 superiori
883 2147 986 2212 simile
1005 2164 1071 2229 est,
1087 2147 1177 2235 quod

123 2277 183 2320 uno
193 2251 276 2345 pede
290 2253 432 2337 excedit3
450 2253 482 2320 id
495 2255 573 2318 olim
585 2271 736 2320 vocatum
745 2251 923 2337 AEolicum,
940 2275 1045 2340 eoque
1057 2253 1177 2317 librum

124 2363 276 2452 integrum
298 2360 426 2450 scripsit
451 2359 592 2450 Sappho.
616 2361 656 2424 ln
680 2359 730 2424 his
755 2356 916 2448 tragoediis
938 2381 1025 2424 unus
1050 2373 1176 2423 tantum

123 2467 288 2549 invenitur,
299 2467 333 2530 in
346 2465 604 2556 Agamemnone,

236 2593 298 2650 lleu
310 2609 392 2668 quam
404 2593 485 2650 dulce
496 2595 594 2648 malum
612 2593 767 2648 mortalibus
778 2591 915 2648 additum!

126 2731 166 2794 lta
187 2731 274 2796 enim
299 2754 318 2796 e
343 2731 564 2821 manmcripto
586 2729 835 2820 Regiomontani
860 2753 936 2797 eum
959 2729 1178 2813 restituimus,

126 2859 219 2925 quum
244 2839 278 2902 in
302 2837 438 2928 vulgatis
460 2837 495 2901 in
516 2837 771 2902 choriambicum
794 2853 937 2904 mutatus
957 2839 1018 2919 tit,
1038 2855 1076 2904 ut
1095 2853 1179 2904 esset

126 2942 263 3032 sequenti
278 2941 313 3006 in
329 2941 445 3008 eodem
460 2943 534 3008 loco
551 2927 675 3008 similis.

163 3047 243 3114 Sunt
257 3047 356 3128 hujus
370 3048 496 3138 generis
509 3048 611 3112 midta
626 3049 814 3138 composita.

166 3227 191 3294 l.
207 3230 250 3294 Ut
263 3230 421 3319 incipiens
437 3252 455 3294 a
477 3251 597 3294 cesum
613 3229 785 3294 trochaica.
800 3229 839 3292 In
852 3230 1110 3319 Agamemnone,

241 3352 296 3406 Ant
307 3351 392 3424 iniqui
405 3349 511 3404 flamma
519 3351 654 3404 Tonantis.

167 3476 243 3538 ltcm
264 3495 283 3538 a
301 3472 373 3539 solo
392 3469 476 3562 pede
495 3471 652 3554 trocheo,

239 3594 338 3654 Pendet
347 3597 463 3652 instabili
471 3599 538 3652 loco.

168 3749 206 3813 11.
222 3750 249 3813 A
265 3770 384 3814 caesura
401 3748 562 3836 sapphica.
577 3749 617 3812 In
632 3749 892 3838 Agamemnone,
951 3750 957 3761 '

239 3879 351 3934 Fortiter
361 3879 432 3932 vinci
448 3878 541 3934 restitit
554 3878 638 3932 annis.

168 4001 254 4066 Tales
267 4003 420 4092 leguntur
436 4019 500 4070 tres
518 4005 553 4067 in
570 4001 716 4092 OEdipo,
728 4004 763 4066 in
782 4003 891 4068 Chore
909 4003 1047 4068 confuso
1067 4025 1085 4066 c
1104 4002 1177 4090 plu-

128 4106 211 4170 n'mis
233 4109 411 4172 carminum
426 4107 622 4196 generibus.-

1013 4212 1059 4282 ltl
