<?xml version="1.0" encoding="UTF-8"?>
<!DOCTYPE html PUBLIC "-//W3C//DTD XHTML 1.0 Transitional//EN"
    "http://www.w3.org/TR/xhtml1/DTD/xhtml1-transitional.dtd">
<html xmlns="http://www.w3.org/1999/xhtml" xml:lang="en" lang="en">
 <head>
  <title>
</title>
<meta http-equiv="Content-Type" content="text/html;charset=utf-8" />
  <meta name='ocr-system' content='tesseract 3.04.00' />
  <meta name='ocr-capabilities' content='ocr_page ocr_carea ocr_par ocr_line ocrx_word'/>
</head>
<body>
  <div class='ocr_page' id='page_1' title='image "./lannsenecparste02piergoog_0607.png"; bbox 0 0 3070 5158; ppageno 0'>
   <div class='ocr_carea' id='block_1_1' title="bbox 370 524 1102 608">
    <p class='ocr_par' dir='ltr' id='par_1_1' title="bbox 370 524 1102 608">
     <span class='ocr_line' id='line_1_1' title="bbox 370 524 1102 608; baseline 0.003 -17"><span class='ocrx_word' id='word_1_1' title='bbox 370 525 441 608; x_wconf 62' lang='lat' dir='ltr'>lplpu</span> <span class='ocrx_word' id='word_1_2' title='bbox 716 525 768 593; x_wconf 85' lang='lat' dir='ltr'>IN</span> <span class='ocrx_word' id='word_1_3' title='bbox 793 524 1102 594; x_wconf 83' lang='lat' dir='ltr'><strong>PHOENISSAS</strong></span> 
     </span>
    </p>
   </div>
   <div class='ocr_carea' id='block_1_2' title="bbox 366 651 1448 2392">
    <p class='ocr_par' dir='ltr' id='par_1_2' title="bbox 366 651 1448 1678">
     <span class='ocr_line' id='line_1_2' title="bbox 413 651 1448 723; baseline 0.005 -18"><span class='ocrx_word' id='word_1_4' title='bbox 413 672 438 706; x_wconf 88' lang='lat' dir='ltr'>s.</span> <span class='ocrx_word' id='word_1_5' title='bbox 459 653 554 704; x_wconf 85' lang='lat' dir='ltr'>Laterir</span> <span class='ocrx_word' id='word_1_6' title='bbox 570 651 683 704; x_wconf 74' lang='lat' dir='ltr'>leuamen.</span> <span class='ocrx_word' id='word_1_7' title='bbox 700 651 801 704; x_wconf 87' lang='lat' dir='ltr'>Omnes</span> <span class='ocrx_word' id='word_1_8' title='bbox 812 665 875 706; x_wconf 86' lang='lat' dir='ltr'>unte</span> <span class='ocrx_word' id='word_1_9' title='bbox 887 653 1053 708; x_wconf 85' lang='lat' dir='ltr'>Gronovium</span> <span class='ocrx_word' id='word_1_10' title='bbox 1068 651 1209 708; x_wconf 71' lang='lat' dir='ltr'>ediderint</span> <span class='ocrx_word' id='word_1_11' title='bbox 1225 655 1314 707; x_wconf 77' lang='lat' dir='ltr'>Patris</span> <span class='ocrx_word' id='word_1_12' title='bbox 1328 657 1448 723; x_wconf 69' lang='grc' dir='ltr'>ἱινω,</span> 
     </span>
     <span class='ocr_line' id='line_1_3' title="bbox 372 730 1448 806; baseline 0.005 -21"><span class='ocrx_word' id='word_1_13' title='bbox 372 731 446 803; x_wconf 90' lang='lat' dir='ltr'>quod</span> <span class='ocrx_word' id='word_1_14' title='bbox 465 744 535 784; x_wconf 86' lang='lat' dir='ltr'>certe</span> <span class='ocrx_word' id='word_1_15' title='bbox 555 731 583 782; x_wconf 91' lang='lat' dir='ltr'>iu</span> <span class='ocrx_word' id='word_1_16' title='bbox 602 731 678 786; x_wconf 82' lang='lat' dir='ltr'>MSS.</span> <span class='ocrx_word' id='word_1_17' title='bbox 695 731 801 803; x_wconf 86' lang='lat' dir='ltr'>legitur.</span> <span class='ocrx_word' id='word_1_18' title='bbox 822 730 875 786; x_wconf 88' lang='lat' dir='ltr'>Sed</span> <span class='ocrx_word' id='word_1_19' title='bbox 890 735 947 806; x_wconf 77' lang='lat' dir='ltr'>jum</span> <span class='ocrx_word' id='word_1_20' title='bbox 960 731 1137 786; x_wconf 67' lang='lat' dir='ltr'>declaraverat</span> <span class='ocrx_word' id='word_1_21' title='bbox 1148 733 1263 786; x_wconf 79' lang='lat' dir='ltr'>Florens</span> <span class='ocrx_word' id='word_1_22' title='bbox 1280 734 1448 790; x_wconf 72' lang='lat' dir='ltr'>Christianus</span> 
     </span>
     <span class='ocr_line' id='line_1_4' title="bbox 372 811 1445 884; baseline 0.004 -20"><span class='ocrx_word' id='word_1_23' title='bbox 372 811 423 864; x_wconf 89' lang='lat' dir='ltr'>sibi</span> <span class='ocrx_word' id='word_1_24' title='bbox 437 829 492 864; x_wconf 93' lang='lat' dir='ltr'>nou</span> <span class='ocrx_word' id='word_1_25' title='bbox 510 811 613 882; x_wconf 83' lang='lat' dir='ltr'>placere</span> <span class='ocrx_word' id='word_1_26' title='bbox 628 812 699 864; x_wconf 83' lang='lat' dir='ltr'>hunc</span> <span class='ocrx_word' id='word_1_27' title='bbox 717 811 745 862; x_wconf 93' lang='lat' dir='ltr'>iu</span> <span class='ocrx_word' id='word_1_28' title='bbox 760 811 845 865; x_wconf 87' lang='lat' dir='ltr'>tribur</span> <span class='ocrx_word' id='word_1_29' title='bbox 862 812 983 865; x_wconf 79' lang='lat' dir='ltr'>renibus</span> <span class='ocrx_word' id='word_1_30' title='bbox 998 813 1194 884; x_wconf 77' lang='lat' dir='ltr'>repetitionem,</span> <span class='ocrx_word' id='word_1_31' title='bbox 1205 818 1333 883; x_wconf 62' lang='lat' dir='ltr'>pamm,</span> <span class='ocrx_word' id='word_1_32' title='bbox 1350 823 1445 884; x_wconf 69' lang='lat' dir='ltr'>paeni,</span> 
     </span>
     <span class='ocr_line' id='line_1_5' title="bbox 368 889 1446 962; baseline 0.006 -21"><span class='ocrx_word' id='word_1_33' title='bbox 368 903 471 960; x_wconf 83' lang='lat' dir='ltr'>petrem.</span> <span class='ocrx_word' id='word_1_34' title='bbox 493 889 572 956; x_wconf 92' lang='lat' dir='ltr'>Quod</span> <span class='ocrx_word' id='word_1_35' title='bbox 584 889 686 961; x_wconf 85' lang='lat' dir='ltr'>judicio</span> <span class='ocrx_word' id='word_1_36' title='bbox 705 909 753 944; x_wconf 90' lang='lat' dir='ltr'>suo</span> <span class='ocrx_word' id='word_1_37' title='bbox 770 891 938 945; x_wconf 82' lang='lat' dir='ltr'>coufirmrvit</span> <span class='ocrx_word' id='word_1_38' title='bbox 953 891 1119 954; x_wconf 82' lang='lat' dir='ltr'>Gronovius,</span> <span class='ocrx_word' id='word_1_39' title='bbox 1140 891 1288 962; x_wconf 84' lang='lat' dir='ltr'>legendum</span> <span class='ocrx_word' id='word_1_40' title='bbox 1305 895 1446 948; x_wconf 74' lang='lat' dir='ltr'>arbitretur</span> 
     </span>
     <span class='ocr_line' id='line_1_6' title="bbox 370 961 1441 1043; baseline 0.006 -22"><span class='ocrx_word' id='word_1_41' title='bbox 370 969 472 1023; x_wconf 78' lang='lat' dir='ltr'>laterisr</span> <span class='ocrx_word' id='word_1_42' title='bbox 483 969 520 1022; x_wconf 87' lang='lat' dir='ltr'>sic</span> <span class='ocrx_word' id='word_1_43' title='bbox 530 968 601 1042; x_wconf 87' lang='lat' dir='ltr'>apud</span> <span class='ocrx_word' id='word_1_44' title='bbox 615 969 774 1041; x_wconf 78' lang='lat' dir='ltr'><strong>Sophoclem</strong></span> <span class='ocrx_word' id='word_1_45' title='bbox 785 965 892 1033; x_wconf 73' lang='lat' dir='ltr'>(ottta.</span> <span class='ocrx_word' id='word_1_46' title='bbox 906 969 948 1024; x_wconf 73' lang='lat' dir='ltr'>tet</span> <span class='ocrx_word' id='word_1_47' title='bbox 960 973 1023 1024; x_wconf 73' lang='lat' dir='ltr'>rtet.</span> <span class='ocrx_word' id='word_1_48' title='bbox 1032 990 1059 1024; x_wconf 86' lang='lat' dir='ltr'>r.</span> <span class='ocrx_word' id='word_1_49' title='bbox 1070 987 1144 1025; x_wconf 82' lang='lat' dir='ltr'>rus</span> <span class='ocrx_word' id='word_1_50' title='bbox 1156 961 1313 1043; x_wconf 75' lang='lat' dir='ltr'>),tlpeiaar&#39;</span> <span class='ocrx_word' id='word_1_51' title='bbox 1323 1011 1333 1035; x_wconf 90' lang='lat'>,</span> <span class='ocrx_word' id='word_1_52' title='bbox 1345 969 1365 1025; x_wconf 73' lang='grc' dir='ltr'><strong>ὖ</strong></span> <span class='ocrx_word' id='word_1_53' title='bbox 1381 979 1441 1034; x_wconf 76' lang='lat' dir='ltr'>esi,</span> 
     </span>
     <span class='ocr_line' id='line_1_7' title="bbox 370 1045 1445 1121; baseline 0.004 -19"><span class='ocrx_word' id='word_1_54' title='bbox 370 1053 469 1117; x_wconf 72' lang='grc' dir='ltr'>πλευρὸν</span> <span class='ocrx_word' id='word_1_55' title='bbox 493 1045 645 1120; x_wconf 56' lang='lat' dir='ltr'>simillium.</span> <span class='ocrx_word' id='word_1_56' title='bbox 672 1049 871 1104; x_wconf 81' lang='lat' dir='ltr'>Gronoviunrm</span> <span class='ocrx_word' id='word_1_57' title='bbox 896 1050 1035 1104; x_wconf 85' lang='lat' dir='ltr'>lectionem</span> <span class='ocrx_word' id='word_1_58' title='bbox 1060 1050 1184 1121; x_wconf 73' lang='lat' dir='ltr'>probarit</span> <span class='ocrx_word' id='word_1_59' title='bbox 1203 1050 1387 1106; x_wconf 77' lang='lat' dir='ltr'>ankeuarius</span> <span class='ocrx_word' id='word_1_60' title='bbox 1413 1053 1445 1106; x_wconf 84' lang='lat' dir='ltr'>ud</span> 
     </span>
     <span class='ocr_line' id='line_1_8' title="bbox 369 1128 1444 1203; baseline 0.006 -23"><span class='ocrx_word' id='word_1_61' title='bbox 369 1129 464 1201; x_wconf 84' lang='lat' dir='ltr'>Eurip.</span> <span class='ocrx_word' id='word_1_62' title='bbox 484 1129 614 1182; x_wconf 82' lang='lat' dir='ltr'>Phoeniss.</span> <span class='ocrx_word' id='word_1_63' title='bbox 632 1149 659 1182; x_wconf 83' lang='lat' dir='ltr'>v.</span> <span class='ocrx_word' id='word_1_64' title='bbox 678 1129 727 1194; x_wconf 86' lang='grc'>88,</span> <span class='ocrx_word' id='word_1_65' title='bbox 748 1142 774 1182; x_wconf 88' lang='lat' dir='ltr'>et</span> <span class='ocrx_word' id='word_1_66' title='bbox 794 1128 927 1182; x_wconf 76' lang='lat' dir='ltr'>Budeniu&#39;s</span> <span class='ocrx_word' id='word_1_67' title='bbox 945 1130 972 1182; x_wconf 92' lang='lat' dir='ltr'>iu</span> <span class='ocrx_word' id='word_1_68' title='bbox 993 1128 1137 1182; x_wconf 79' lang='lat' dir='ltr'>editionem</span> <span class='ocrx_word' id='word_1_69' title='bbox 1158 1148 1233 1182; x_wconf 85' lang='lat' dir='ltr'>suum</span> <span class='ocrx_word' id='word_1_70' title='bbox 1251 1132 1374 1203; x_wconf 88' lang='lat' dir='ltr'>recepit,</span> <span class='ocrx_word' id='word_1_71' title='bbox 1396 1133 1444 1186; x_wconf 84' lang='lat' dir='ltr'>hue</span> 
     </span>
     <span class='ocr_line' id='line_1_9' title="bbox 370 1200 1444 1282; baseline 0 -21"><span class='ocrx_word' id='word_1_72' title='bbox 370 1208 444 1262; x_wconf 80' lang='lat' dir='ltr'>surii</span> <span class='ocrx_word' id='word_1_73' title='bbox 462 1227 539 1260; x_wconf 80' lang='lat' dir='ltr'>versu</span> <span class='ocrx_word' id='word_1_74' title='bbox 557 1209 651 1274; x_wconf 69' lang='lat' dir='ltr'>allato,</span> <span class='ocrx_word' id='word_1_75' title='bbox 676 1209 722 1280; x_wconf 91' lang='lat' dir='ltr'>qui</span> <span class='ocrx_word' id='word_1_76' title='bbox 745 1227 806 1262; x_wconf 89' lang='lat' dir='ltr'>cum</span> <span class='ocrx_word' id='word_1_77' title='bbox 825 1227 855 1262; x_wconf 87' lang='lat' dir='ltr'>es</span> <span class='ocrx_word' id='word_1_78' title='bbox 873 1221 999 1262; x_wconf 79' lang='lat' dir='ltr'>consonet</span> <span class='ocrx_word' id='word_1_79' title='bbox 1013 1205 1120 1272; x_wconf 85' lang='lat' dir='ltr'>(Theb.</span> <span class='ocrx_word' id='word_1_80' title='bbox 1139 1209 1196 1274; x_wconf 82' lang='lat' dir='ltr'>xt,</span> <span class='ocrx_word' id='word_1_81' title='bbox 1218 1200 1298 1276; x_wconf 73' lang='lat'>586)</span> <span class='ocrx_word' id='word_1_82' title='bbox 1312 1230 1320 1261; x_wconf 87' lang='lat' dir='ltr'>r</span> <span class='ocrx_word' id='word_1_83' title='bbox 1336 1233 1348 1255; x_wconf 79' lang='grc' dir='ltr'>ι</span> <span class='ocrx_word' id='word_1_84' title='bbox 1361 1212 1444 1282; x_wconf 79' lang='lat' dir='ltr'>Virgo</span> 
     </span>
     <span class='ocr_line' id='line_1_10' title="bbox 368 1287 1444 1359; baseline 0.003 -19"><span class='ocrx_word' id='word_1_85' title='bbox 368 1299 456 1341; x_wconf 83' lang='lat' dir='ltr'>autem</span> <span class='ocrx_word' id='word_1_86' title='bbox 476 1289 604 1359; x_wconf 69' lang='lat' dir='ltr'>impositu</span> <span class='ocrx_word' id='word_1_87' title='bbox 616 1299 742 1341; x_wconf 79' lang='lat' dir='ltr'>sustentet</span> <span class='ocrx_word' id='word_1_88' title='bbox 763 1287 883 1358; x_wconf 77' lang='lat' dir='ltr'>pondere</span> <span class='ocrx_word' id='word_1_89' title='bbox 899 1288 981 1340; x_wconf 75' lang='lat' dir='ltr'>lm.</span> <span class='ocrx_word' id='word_1_90' title='bbox 1003 1314 1014 1335; x_wconf 86' lang='grc' dir='ltr'>ι</span> <span class='ocrx_word' id='word_1_91' title='bbox 1031 1289 1108 1342; x_wconf 86' lang='lat' dir='ltr'>Putat</span> <span class='ocrx_word' id='word_1_92' title='bbox 1122 1301 1215 1342; x_wconf 79' lang='lat' dir='ltr'>contre</span> <span class='ocrx_word' id='word_1_93' title='bbox 1229 1289 1353 1342; x_wconf 85' lang='lat' dir='ltr'>Botheus</span> <span class='ocrx_word' id='word_1_94' title='bbox 1366 1292 1444 1344; x_wconf 82' lang='lat' dir='ltr'>fuisse</span> 
     </span>
     <span class='ocr_line' id='line_1_11' title="bbox 370 1361 1442 1440; baseline 0.001 -20"><span class='ocrx_word' id='word_1_95' title='bbox 370 1365 535 1420; x_wconf 84' lang='lat' dir='ltr'>Gronovium</span> <span class='ocrx_word' id='word_1_96' title='bbox 550 1373 618 1438; x_wconf 75' lang='lat' dir='ltr'>justa</span> <span class='ocrx_word' id='word_1_97' title='bbox 639 1365 829 1436; x_wconf 74' lang='lat' dir='ltr'>confidentiores·</span> <span class='ocrx_word' id='word_1_98' title='bbox 847 1368 876 1420; x_wconf 91' lang='lat' dir='ltr'>iu</span> <span class='ocrx_word' id='word_1_99' title='bbox 893 1363 998 1437; x_wconf 81' lang='lat' dir='ltr'>vulgatu</span> <span class='ocrx_word' id='word_1_100' title='bbox 1018 1361 1160 1432; x_wconf 81' lang='lat' dir='ltr'>mutmdu,</span> <span class='ocrx_word' id='word_1_101' title='bbox 1180 1380 1207 1421; x_wconf 90' lang='lat' dir='ltr'>et</span> <span class='ocrx_word' id='word_1_102' title='bbox 1227 1370 1306 1439; x_wconf 84' lang='lat' dir='ltr'>jubet</span> <span class='ocrx_word' id='word_1_103' title='bbox 1322 1369 1380 1440; x_wconf 81' lang='lat' dir='ltr'>ipse</span> <span class='ocrx_word' id='word_1_104' title='bbox 1395 1389 1442 1440; x_wconf 83' lang='lat' dir='ltr'>pro</span> 
     </span>
     <span class='ocr_line' id='line_1_12' title="bbox 366 1445 1441 1519; baseline 0.005 -23"><span class='ocrx_word' id='word_1_105' title='bbox 366 1453 446 1516; x_wconf 71' lang='lat' dir='ltr'>patris</span> <span class='ocrx_word' id='word_1_106' title='bbox 459 1447 511 1517; x_wconf 87' lang='lat' dir='ltr'>legi</span> <span class='ocrx_word' id='word_1_107' title='bbox 520 1447 622 1513; x_wconf 80' lang='lat' dir='ltr'>fratris,</span> <span class='ocrx_word' id='word_1_108' title='bbox 637 1459 663 1500; x_wconf 90' lang='lat' dir='ltr'>et</span> <span class='ocrx_word' id='word_1_109' title='bbox 672 1465 759 1518; x_wconf 85' lang='lat' dir='ltr'>param</span> <span class='ocrx_word' id='word_1_110' title='bbox 770 1446 889 1519; x_wconf 75' lang='lat' dir='ltr'>sequenti</span> <span class='ocrx_word' id='word_1_111' title='bbox 901 1463 980 1499; x_wconf 77' lang='lat' dir='ltr'>versu</span> <span class='ocrx_word' id='word_1_112' title='bbox 992 1462 1042 1518; x_wconf 89' lang='lat' dir='ltr'>pro</span> <span class='ocrx_word' id='word_1_113' title='bbox 1051 1457 1156 1517; x_wconf 72' lang='lat' dir='ltr'>palma.</span> <span class='ocrx_word' id='word_1_114' title='bbox 1169 1445 1228 1499; x_wconf 84' lang='lat' dir='ltr'>Nec</span> <span class='ocrx_word' id='word_1_115' title='bbox 1241 1449 1441 1518; x_wconf 71' lang='lat' dir='ltr'>repetitionem,</span> 
     </span>
     <span class='ocr_line' id='line_1_13' title="bbox 368 1525 1441 1598; baseline 0.006 -21"><span class='ocrx_word' id='word_1_116' title='bbox 368 1525 503 1598; x_wconf 86' lang='lat' dir='ltr'>plerisque</span> <span class='ocrx_word' id='word_1_117' title='bbox 522 1527 617 1580; x_wconf 88' lang='lat' dir='ltr'>merito</span> <span class='ocrx_word' id='word_1_118' title='bbox 644 1539 809 1597; x_wconf 86' lang='lat' dir='ltr'>suspectum,</span> <span class='ocrx_word' id='word_1_119' title='bbox 831 1527 946 1580; x_wconf 89' lang='lat' dir='ltr'>retinere</span> <span class='ocrx_word' id='word_1_120' title='bbox 966 1527 1093 1591; x_wconf 86' lang='lat' dir='ltr'>sustinui,</span> <span class='ocrx_word' id='word_1_121' title='bbox 1112 1544 1163 1580; x_wconf 89' lang='lat' dir='ltr'>uec</span> <span class='ocrx_word' id='word_1_122' title='bbox 1185 1525 1325 1598; x_wconf 77' lang='lat' dir='ltr'>duplicem</span> <span class='ocrx_word' id='word_1_123' title='bbox 1350 1529 1441 1582; x_wconf 82' lang='lat' dir='ltr'>Bothei</span> 
     </span>
     <span class='ocr_line' id='line_1_14' title="bbox 371 1604 1094 1678; baseline 0 -21"><span class='ocrx_word' id='word_1_124' title='bbox 371 1604 508 1660; x_wconf 82' lang='lat' dir='ltr'>sudreiam</span> <span class='ocrx_word' id='word_1_125' title='bbox 525 1606 639 1678; x_wconf 76' lang='lat' dir='ltr'>simplici</span> <span class='ocrx_word' id='word_1_126' title='bbox 653 1606 785 1660; x_wconf 84' lang='lat' dir='ltr'>Granorii</span> <span class='ocrx_word' id='word_1_127' title='bbox 798 1605 947 1674; x_wconf 69' lang='lat' dir='ltr'>confidentia</span> <span class='ocrx_word' id='word_1_128' title='bbox 959 1607 1094 1676; x_wconf 73' lang='lat' dir='ltr'>preferre.</span> 
     </span>
    </p>

    <p class='ocr_par' dir='ltr' id='par_1_3' title="bbox 369 1683 1440 1898">
     <span class='ocr_line' id='line_1_15' title="bbox 409 1683 1440 1756; baseline -0.001 -17"><span class='ocrx_word' id='word_1_129' title='bbox 409 1693 437 1749; x_wconf 71' lang='lat' dir='ltr'>l.</span> <span class='ocrx_word' id='word_1_130' title='bbox 452 1687 481 1739; x_wconf 87' lang='lat' dir='ltr'>In</span> <span class='ocrx_word' id='word_1_131' title='bbox 493 1695 566 1737; x_wconf 80' lang='lat' dir='ltr'>reeta</span> <span class='ocrx_word' id='word_1_132' title='bbox 586 1685 713 1738; x_wconf 86' lang='lat' dir='ltr'>Nonnulli</span> <span class='ocrx_word' id='word_1_133' title='bbox 729 1683 850 1749; x_wconf 86' lang='lat' dir='ltr'>codices,</span> <span class='ocrx_word' id='word_1_134' title='bbox 865 1686 893 1737; x_wconf 87' lang='lat' dir='ltr'>iu</span> <span class='ocrx_word' id='word_1_135' title='bbox 910 1683 1006 1756; x_wconf 90' lang='lat' dir='ltr'>quibus</span> <span class='ocrx_word' id='word_1_136' title='bbox 1022 1686 1104 1738; x_wconf 80' lang='lat' dir='ltr'>Puris.</span> <span class='ocrx_word' id='word_1_137' title='bbox 1120 1685 1196 1738; x_wconf 65' lang='lat'>8026</span> <span class='ocrx_word' id='word_1_138' title='bbox 1211 1698 1237 1738; x_wconf 88' lang='lat' dir='ltr'>et</span> <span class='ocrx_word' id='word_1_139' title='bbox 1255 1683 1324 1738; x_wconf 87' lang='lat' dir='ltr'>edit.</span> <span class='ocrx_word' id='word_1_140' title='bbox 1340 1685 1440 1740; x_wconf 78' lang='lat' dir='ltr'>Fuhric.</span> 
     </span>
     <span class='ocr_line' id='line_1_16' title="bbox 369 1763 1440 1837; baseline 0.005 -23"><span class='ocrx_word' id='word_1_141' title='bbox 369 1776 448 1824; x_wconf 81' lang='lat' dir='ltr'>reeta,</span> <span class='ocrx_word' id='word_1_142' title='bbox 468 1763 543 1837; x_wconf 90' lang='lat' dir='ltr'>quod</span> <span class='ocrx_word' id='word_1_143' title='bbox 558 1766 663 1837; x_wconf 76' lang='lat' dir='ltr'>Lipsius</span> <span class='ocrx_word' id='word_1_144' title='bbox 677 1764 856 1818; x_wconf 77' lang='lat' dir='ltr'>amovendum</span> <span class='ocrx_word' id='word_1_145' title='bbox 872 1777 900 1817; x_wconf 87' lang='lat' dir='ltr'>et</span> <span class='ocrx_word' id='word_1_146' title='bbox 917 1763 1047 1836; x_wconf 72' lang='lat' dir='ltr'>judicarit</span> <span class='ocrx_word' id='word_1_147' title='bbox 1060 1777 1088 1818; x_wconf 90' lang='lat' dir='ltr'>et</span> <span class='ocrx_word' id='word_1_148' title='bbox 1105 1764 1267 1818; x_wconf 83' lang='lat' dir='ltr'>firmissimis</span> <span class='ocrx_word' id='word_1_149' title='bbox 1280 1768 1440 1836; x_wconf 80' lang='lat' dir='ltr'>argumeutis</span> 
     </span>
     <span class='ocr_line' id='line_1_17' title="bbox 369 1845 537 1898; baseline 0 0"><span class='ocrx_word' id='word_1_150' title='bbox 369 1862 385 1898; x_wconf 82' lang='lat' dir='ltr'>e</span> <span class='ocrx_word' id='word_1_151' title='bbox 424 1845 537 1898; x_wconf 85' lang='lat' dir='ltr'>roburit.</span> 
     </span>
    </p>

    <p class='ocr_par' dir='ltr' id='par_1_4' title="bbox 374 1861 1439 2070">
     <span class='ocr_line' id='line_1_18' title="bbox 387 1861 1439 1996; baseline 0 -20"><span class='ocrx_word' id='word_1_152' title='bbox 387 1861 435 1994; x_wconf 60' lang='grc' dir='ltr'>Ρξ.</span> <span class='ocrx_word' id='word_1_153' title='bbox 449 1915 497 1976; x_wconf 72' lang='lat' dir='ltr'>&#39;Er</span> <span class='ocrx_word' id='word_1_154' title='bbox 512 1925 556 1976; x_wconf 76' lang='lat' dir='ltr'>iac</span> <span class='ocrx_word' id='word_1_155' title='bbox 574 1923 681 1990; x_wconf 80' lang='lat' dir='ltr'>nefandi.</span> <span class='ocrx_word' id='word_1_156' title='bbox 702 1925 735 1975; x_wconf 89' lang='lat' dir='ltr'>lu</span> <span class='ocrx_word' id='word_1_157' title='bbox 751 1923 809 1976; x_wconf 80' lang='lat' dir='ltr'>Ms.</span> <span class='ocrx_word' id='word_1_158' title='bbox 832 1922 947 1976; x_wconf 74' lang='lat' dir='ltr'>Fabricii</span> <span class='ocrx_word' id='word_1_159' title='bbox 966 1935 993 1975; x_wconf 90' lang='lat' dir='ltr'>et</span> <span class='ocrx_word' id='word_1_160' title='bbox 1010 1922 1093 1975; x_wconf 81' lang='lat' dir='ltr'>Paris.</span> <span class='ocrx_word' id='word_1_161' title='bbox 1112 1936 1205 1976; x_wconf 76' lang='lat' dir='ltr'>nocuo</span> <span class='ocrx_word' id='word_1_162' title='bbox 1226 1923 1316 1994; x_wconf 79' lang='lat'>6377,</span> <span class='ocrx_word' id='word_1_163' title='bbox 1334 1925 1373 1976; x_wconf 80' lang='lat' dir='ltr'>Et</span> <span class='ocrx_word' id='word_1_164' title='bbox 1390 1945 1439 1996; x_wconf 75' lang='lat' dir='ltr'>qua</span> 
     </span>
     <span class='ocr_line' id='line_1_19' title="bbox 374 2004 481 2070; baseline 0 -16"><span class='ocrx_word' id='word_1_165' title='bbox 374 2004 481 2070; x_wconf 60' lang='lat' dir='ltr'>refundi.</span> 
     </span>
    </p>

    <p class='ocr_par' dir='ltr' id='par_1_5' title="bbox 411 2080 1218 2152">
     <span class='ocr_line' id='line_1_20' title="bbox 411 2080 1218 2152; baseline -0.002 -18"><span class='ocrx_word' id='word_1_166' title='bbox 411 2099 452 2136; x_wconf 88' lang='lat' dir='ltr'>ro.</span> <span class='ocrx_word' id='word_1_167' title='bbox 468 2083 534 2134; x_wconf 81' lang='lat' dir='ltr'>Hinc</span> <span class='ocrx_word' id='word_1_168' title='bbox 541 2084 604 2152; x_wconf 83' lang='lat' dir='ltr'>jars.</span> <span class='ocrx_word' id='word_1_169' title='bbox 619 2081 734 2135; x_wconf 77' lang='lat' dir='ltr'>Volebat</span> <span class='ocrx_word' id='word_1_170' title='bbox 747 2081 870 2134; x_wconf 86' lang='lat' dir='ltr'>Heinsius</span> <span class='ocrx_word' id='word_1_171' title='bbox 883 2080 963 2134; x_wconf 80' lang='lat' dir='ltr'>scribi</span> <span class='ocrx_word' id='word_1_172' title='bbox 977 2081 1014 2132; x_wconf 76' lang='lat' dir='ltr'>lle</span> <span class='ocrx_word' id='word_1_173' title='bbox 1025 2082 1096 2149; x_wconf 73' lang='lat' dir='ltr'>jan:</span> <span class='ocrx_word' id='word_1_174' title='bbox 1111 2081 1218 2134; x_wconf 74' lang='lat' dir='ltr'>frustm.</span> 
     </span>
    </p>

    <p class='ocr_par' dir='ltr' id='par_1_6' title="bbox 370 2160 1436 2312">
     <span class='ocr_line' id='line_1_21' title="bbox 410 2160 1436 2226; baseline 0.003 -14"><span class='ocrx_word' id='word_1_175' title='bbox 410 2179 451 2214; x_wconf 79' lang='lat' dir='ltr'>rs.</span> <span class='ocrx_word' id='word_1_176' title='bbox 472 2161 607 2214; x_wconf 77' lang='lat' dir='ltr'>Protendr&#39;r.</span> <span class='ocrx_word' id='word_1_177' title='bbox 628 2161 738 2214; x_wconf 79' lang='lat' dir='ltr'>Veteres</span> <span class='ocrx_word' id='word_1_178' title='bbox 758 2161 890 2214; x_wconf 87' lang='lat' dir='ltr'>Delrionis</span> <span class='ocrx_word' id='word_1_179' title='bbox 909 2160 985 2224; x_wconf 88' lang='lat' dir='ltr'>libri,</span> <span class='ocrx_word' id='word_1_180' title='bbox 998 2174 1050 2214; x_wconf 85' lang='lat' dir='ltr'>tres</span> <span class='ocrx_word' id='word_1_181' title='bbox 1067 2160 1177 2213; x_wconf 79' lang='lat' dir='ltr'>Gruteri</span> <span class='ocrx_word' id='word_1_182' title='bbox 1190 2160 1285 2226; x_wconf 65' lang='lat' dir='ltr'>MSS„</span> <span class='ocrx_word' id='word_1_183' title='bbox 1302 2173 1332 2214; x_wconf 87' lang='lat' dir='ltr'>et</span> <span class='ocrx_word' id='word_1_184' title='bbox 1347 2162 1436 2215; x_wconf 66' lang='lat' dir='ltr'>Parim</span> 
     </span>
     <span class='ocr_line' id='line_1_22' title="bbox 370 2239 1158 2312; baseline -0.003 -19"><span class='ocrx_word' id='word_1_185' title='bbox 370 2241 461 2305; x_wconf 66' lang='grc'><strong>8004,</strong></span> <span class='ocrx_word' id='word_1_186' title='bbox 477 2244 566 2310; x_wconf 74' lang='grc'><strong>8009,</strong></span> <span class='ocrx_word' id='word_1_187' title='bbox 585 2241 672 2305; x_wconf 82' lang='grc'><strong>8035,</strong></span> <span class='ocrx_word' id='word_1_188' title='bbox 681 2241 825 2312; x_wconf 75' lang='lat' dir='ltr'>pretendit,</span> <span class='ocrx_word' id='word_1_189' title='bbox 840 2240 915 2312; x_wconf 85' lang='lat' dir='ltr'>quod</span> <span class='ocrx_word' id='word_1_190' title='bbox 930 2252 957 2292; x_wconf 86' lang='lat' dir='ltr'>et</span> <span class='ocrx_word' id='word_1_191' title='bbox 970 2239 1052 2312; x_wconf 83' lang='lat' dir='ltr'>recipi</span> <span class='ocrx_word' id='word_1_192' title='bbox 1066 2239 1158 2310; x_wconf 86' lang='lat' dir='ltr'>possit.</span> 
     </span>
    </p>

    <p class='ocr_par' dir='ltr' id='par_1_7' title="bbox 411 2319 1437 2392">
     <span class='ocr_line' id='line_1_23' title="bbox 411 2319 1437 2392; baseline 0.003 -21"><span class='ocrx_word' id='word_1_193' title='bbox 411 2319 454 2373; x_wconf 77' lang='lat'>13.</span> <span class='ocrx_word' id='word_1_194' title='bbox 472 2323 530 2392; x_wconf 83' lang='lat' dir='ltr'>Qua</span> <span class='ocrx_word' id='word_1_195' title='bbox 541 2333 680 2392; x_wconf 75' lang='lat' dir='ltr'>peragrata.</span> <span class='ocrx_word' id='word_1_196' title='bbox 697 2321 740 2374; x_wconf 85' lang='lat' dir='ltr'>Sic</span> <span class='ocrx_word' id='word_1_197' title='bbox 756 2319 816 2374; x_wconf 86' lang='lat' dir='ltr'>edd.</span> <span class='ocrx_word' id='word_1_198' title='bbox 830 2321 915 2374; x_wconf 86' lang='lat' dir='ltr'>Seriv.</span> <span class='ocrx_word' id='word_1_199' title='bbox 932 2320 1010 2372; x_wconf 72' lang='lat' dir='ltr'>Foru.</span> <span class='ocrx_word' id='word_1_200' title='bbox 1026 2320 1111 2391; x_wconf 84' lang='lat' dir='ltr'>Thys.</span> <span class='ocrx_word' id='word_1_201' title='bbox 1126 2319 1248 2372; x_wconf 76' lang='lat' dir='ltr'>Gmuov.</span> <span class='ocrx_word' id='word_1_202' title='bbox 1266 2319 1330 2390; x_wconf 84' lang='lat' dir='ltr'>Bip.</span> <span class='ocrx_word' id='word_1_203' title='bbox 1344 2319 1437 2374; x_wconf 81' lang='lat' dir='ltr'>Badeu.</span> 
     </span>
    </p>
   </div>
   <div class='ocr_carea' id='block_1_3' title="bbox 368 2399 1523 2469">
    <p class='ocr_par' dir='ltr' id='par_1_8' title="bbox 368 2399 1523 2469">
     <span class='ocr_line' id='line_1_24' title="bbox 368 2399 1523 2469; baseline -0.001 -18"><span class='ocrx_word' id='word_1_204' title='bbox 368 2411 394 2451; x_wconf 91' lang='lat' dir='ltr'>et</span> <span class='ocrx_word' id='word_1_205' title='bbox 408 2400 485 2452; x_wconf 84' lang='lat' dir='ltr'>MSS.</span> <span class='ocrx_word' id='word_1_206' title='bbox 509 2401 603 2452; x_wconf 83' lang='lat' dir='ltr'>Periss.</span> <span class='ocrx_word' id='word_1_207' title='bbox 625 2403 707 2469; x_wconf 74' lang='grc'><strong>8007,</strong></span> <span class='ocrx_word' id='word_1_208' title='bbox 730 2401 822 2465; x_wconf 59' lang='lat' dir='ltr'>esem</span> <span class='ocrx_word' id='word_1_209' title='bbox 837 2401 874 2453; x_wconf 90' lang='lat' dir='ltr'>sic</span> <span class='ocrx_word' id='word_1_210' title='bbox 892 2399 1052 2454; x_wconf 76' lang='lat' dir='ltr'>commelini</span> <span class='ocrx_word' id='word_1_211' title='bbox 1073 2399 1231 2452; x_wconf 79' lang='lat' dir='ltr'>vetustiores</span> <span class='ocrx_word' id='word_1_212' title='bbox 1254 2402 1391 2453; x_wconf 79' lang='lat' dir='ltr'>nonnulli.</span> <span class='ocrx_word' id='word_1_213' title='bbox 1410 2403 1437 2452; x_wconf 87' lang='lat' dir='ltr'>lu</span> <span class='ocrx_word' id='word_1_214' title='bbox 1522 2447 1523 2450; x_wconf 76' lang='grc'><strong>,</strong></span> 
     </span>
    </p>
   </div>
   <div class='ocr_carea' id='block_1_4' title="bbox 363 2475 1522 4142">
    <p class='ocr_par' dir='ltr' id='par_1_9' title="bbox 364 2475 1522 3184">
     <span class='ocr_line' id='line_1_25' title="bbox 367 2475 1436 2551; baseline 0.002 -21"><span class='ocrx_word' id='word_1_215' title='bbox 367 2478 662 2550; x_wconf 77' lang='lat' dir='ltr'>Feru.1sourd.AEgid.</span> <span class='ocrx_word' id='word_1_216' title='bbox 681 2479 749 2532; x_wconf 83' lang='lat' dir='ltr'>Phil.</span> <span class='ocrx_word' id='word_1_217' title='bbox 768 2481 873 2532; x_wconf 62' lang='lat' dir='ltr'>Arcena</span> <span class='ocrx_word' id='word_1_218' title='bbox 890 2478 995 2551; x_wconf 81' lang='lat' dir='ltr'>Gryph.</span> <span class='ocrx_word' id='word_1_219' title='bbox 1014 2479 1085 2532; x_wconf 86' lang='lat' dir='ltr'>Petr.</span> <span class='ocrx_word' id='word_1_220' title='bbox 1106 2475 1212 2530; x_wconf 77' lang='lat' dir='ltr'>Febris.</span> <span class='ocrx_word' id='word_1_221' title='bbox 1233 2477 1351 2548; x_wconf 82' lang='lat' dir='ltr'>Ruphel.</span> <span class='ocrx_word' id='word_1_222' title='bbox 1371 2479 1436 2532; x_wconf 75' lang='lat' dir='ltr'>Deli.</span> 
     </span>
     <span class='ocr_line' id='line_1_26' title="bbox 367 2557 1437 2629; baseline 0.001 -18"><span class='ocrx_word' id='word_1_223' title='bbox 367 2558 445 2611; x_wconf 87' lang='lat' dir='ltr'>Grut.</span> <span class='ocrx_word' id='word_1_224' title='bbox 459 2559 549 2612; x_wconf 85' lang='lat' dir='ltr'>Heius.</span> <span class='ocrx_word' id='word_1_225' title='bbox 564 2571 589 2611; x_wconf 91' lang='lat' dir='ltr'>et</span> <span class='ocrx_word' id='word_1_226' title='bbox 599 2557 724 2611; x_wconf 85' lang='lat' dir='ltr'>tredecim</span> <span class='ocrx_word' id='word_1_227' title='bbox 735 2558 827 2612; x_wconf 78' lang='lat' dir='ltr'>Puriss.</span> <span class='ocrx_word' id='word_1_228' title='bbox 842 2559 917 2612; x_wconf 80' lang='lat' dir='ltr'>MSS.</span> <span class='ocrx_word' id='word_1_229' title='bbox 925 2561 1062 2629; x_wconf 74' lang='lat' dir='ltr'>peragruti·</span> <span class='ocrx_word' id='word_1_230' title='bbox 1122 2561 1224 2621; x_wconf 77' lang='lat' dir='ltr'>mostis,</span> <span class='ocrx_word' id='word_1_231' title='bbox 1236 2557 1313 2628; x_wconf 90' lang='lat' dir='ltr'>quod</span> <span class='ocrx_word' id='word_1_232' title='bbox 1326 2561 1437 2612; x_wconf 78' lang='lat' dir='ltr'>Bctbem</span> 
     </span>
     <span class='ocr_line' id='line_1_27' title="bbox 367 2635 1522 2711; baseline 0.001 -21"><span class='ocrx_word' id='word_1_233' title='bbox 367 2655 473 2711; x_wconf 88' lang='lat' dir='ltr'>quoque</span> <span class='ocrx_word' id='word_1_234' title='bbox 487 2637 644 2708; x_wconf 76' lang='lat' dir='ltr'>assumpsit,</span> <span class='ocrx_word' id='word_1_235' title='bbox 659 2639 787 2708; x_wconf 87' lang='lat' dir='ltr'>quoniam</span> <span class='ocrx_word' id='word_1_236' title='bbox 800 2651 931 2710; x_wconf 78' lang='lat' dir='ltr'>peragrata</span> <span class='ocrx_word' id='word_1_237' title='bbox 946 2651 1022 2690; x_wconf 80' lang='lat' dir='ltr'>nante</span> <span class='ocrx_word' id='word_1_238' title='bbox 1038 2635 1182 2699; x_wconf 84' lang='lat' dir='ltr'>diceretur,</span> <span class='ocrx_word' id='word_1_239' title='bbox 1202 2662 1215 2684; x_wconf 71' lang='grc' dir='ltr'>ι</span> <span class='ocrx_word' id='word_1_240' title='bbox 1229 2639 1307 2708; x_wconf 75' lang='lat' dir='ltr'>qussi</span> <span class='ocrx_word' id='word_1_241' title='bbox 1325 2653 1435 2691; x_wconf 84' lang='lat' dir='ltr'>mauteu</span> <span class='ocrx_word' id='word_1_242' title='bbox 1521 2697 1522 2700; x_wconf 8' lang='grc' dir='ltr'><strong>Ἴ</strong></span> 
     </span>
     <span class='ocr_line' id='line_1_28' title="bbox 367 2715 1436 2788; baseline 0.004 -20"><span class='ocrx_word' id='word_1_243' title='bbox 367 2719 476 2771; x_wconf 80' lang='lat' dir='ltr'>Actrecn</span> <span class='ocrx_word' id='word_1_244' title='bbox 497 2731 675 2788; x_wconf 74' lang='lat' dir='ltr'>peragrasset,</span> <span class='ocrx_word' id='word_1_245' title='bbox 696 2731 721 2770; x_wconf 92' lang='lat' dir='ltr'>et</span> <span class='ocrx_word' id='word_1_246' title='bbox 741 2717 838 2771; x_wconf 85' lang='lat' dir='ltr'>deiude</span> <span class='ocrx_word' id='word_1_247' title='bbox 860 2719 887 2770; x_wconf 90' lang='lat' dir='ltr'>iu</span> <span class='ocrx_word' id='word_1_248' title='bbox 911 2719 999 2772; x_wconf 86' lang='lat' dir='ltr'>neseio</span> <span class='ocrx_word' id='word_1_249' title='bbox 1018 2717 1116 2788; x_wconf 83' lang='lat' dir='ltr'>quibus</span> <span class='ocrx_word' id='word_1_250' title='bbox 1135 2715 1202 2769; x_wconf 78' lang='lat' dir='ltr'>sexis</span> <span class='ocrx_word' id='word_1_251' title='bbox 1220 2736 1236 2770; x_wconf 84' lang='grc' dir='ltr'>ι</span> <span class='ocrx_word' id='word_1_252' title='bbox 1257 2719 1372 2772; x_wconf 71' lang='lat' dir='ltr'>mnibus</span> <span class='ocrx_word' id='word_1_253' title='bbox 1390 2721 1436 2771; x_wconf 79' lang='lat' dir='ltr'>stris</span> 
     </span>
     <span class='ocr_line' id='line_1_29' title="bbox 366 2796 1436 2869; baseline 0 -21"><span class='ocrx_word' id='word_1_254' title='bbox 366 2796 494 2851; x_wconf 81' lang='lat' dir='ltr'>laceratus</span> <span class='ocrx_word' id='word_1_255' title='bbox 516 2796 705 2851; x_wconf 77' lang='lat' dir='ltr'>concidisset.»</span> <span class='ocrx_word' id='word_1_256' title='bbox 727 2797 795 2850; x_wconf 81' lang='lat' dir='ltr'>Mihi</span> <span class='ocrx_word' id='word_1_257' title='bbox 818 2797 926 2869; x_wconf 87' lang='lat' dir='ltr'>quidem</span> <span class='ocrx_word' id='word_1_258' title='bbox 947 2797 1145 2866; x_wconf 79' lang='lat' dir='ltr'>rideturjaeere</span> <span class='ocrx_word' id='word_1_259' title='bbox 1164 2815 1211 2867; x_wconf 83' lang='lat' dir='ltr'>per</span> <span class='ocrx_word' id='word_1_260' title='bbox 1228 2815 1294 2849; x_wconf 73' lang='lat' dir='ltr'>sau</span> <span class='ocrx_word' id='word_1_261' title='bbox 1309 2812 1436 2867; x_wconf 56' lang='grc' dir='ltr'>μηρία</span> 
     </span>
     <span class='ocr_line' id='line_1_30' title="bbox 367 2877 1434 2950; baseline 0.001 -23"><span class='ocrx_word' id='word_1_262' title='bbox 367 2889 445 2929; x_wconf 77' lang='lat' dir='ltr'>monte</span> <span class='ocrx_word' id='word_1_263' title='bbox 457 2896 512 2930; x_wconf 89' lang='lat' dir='ltr'>nou</span> <span class='ocrx_word' id='word_1_264' title='bbox 526 2879 610 2930; x_wconf 90' lang='lat' dir='ltr'>solum</span> <span class='ocrx_word' id='word_1_265' title='bbox 621 2895 671 2948; x_wconf 92' lang='lat' dir='ltr'>pro</span> <span class='ocrx_word' id='word_1_266' title='bbox 678 2879 761 2946; x_wconf 81' lang='lat' dir='ltr'>jacere</span> <span class='ocrx_word' id='word_1_267' title='bbox 769 2897 815 2947; x_wconf 87' lang='lat' dir='ltr'>per</span> <span class='ocrx_word' id='word_1_268' title='bbox 826 2897 887 2929; x_wconf 72' lang='lat' dir='ltr'>saxa</span> <span class='ocrx_word' id='word_1_269' title='bbox 902 2881 987 2930; x_wconf 83' lang='lat' dir='ltr'>montis</span> <span class='ocrx_word' id='word_1_270' title='bbox 1000 2895 1066 2950; x_wconf 82' lang='lat' dir='ltr'>quens</span> <span class='ocrx_word' id='word_1_271' title='bbox 1079 2887 1256 2946; x_wconf 64' lang='lat' dir='ltr'>peragraverat</span> <span class='ocrx_word' id='word_1_272' title='bbox 1272 2895 1352 2948; x_wconf 84' lang='lat' dir='ltr'>posse</span> <span class='ocrx_word' id='word_1_273' title='bbox 1367 2877 1434 2930; x_wconf 77' lang='lat' dir='ltr'>adlui-</span> 
     </span>
     <span class='ocr_line' id='line_1_31' title="bbox 366 2955 1435 3026; baseline 0.001 -17"><span class='ocrx_word' id='word_1_274' title='bbox 366 2955 441 3023; x_wconf 90' lang='lat' dir='ltr'>beri,</span> <span class='ocrx_word' id='word_1_275' title='bbox 458 2957 503 3011; x_wconf 78' lang='lat' dir='ltr'>red</span> <span class='ocrx_word' id='word_1_276' title='bbox 519 2958 598 3010; x_wconf 84' lang='lat' dir='ltr'>etiam</span> <span class='ocrx_word' id='word_1_277' title='bbox 616 2958 722 3010; x_wconf 82' lang='lat' dir='ltr'>latinius</span> <span class='ocrx_word' id='word_1_278' title='bbox 742 2963 768 3010; x_wconf 86' lang='lat' dir='ltr'>et</span> <span class='ocrx_word' id='word_1_279' title='bbox 785 2957 929 3026; x_wconf 72' lang='lat' dir='ltr'>elegantius</span> <span class='ocrx_word' id='word_1_280' title='bbox 947 2956 999 3009; x_wconf 87' lang='lat' dir='ltr'>hoc</span> <span class='ocrx_word' id='word_1_281' title='bbox 1016 2973 1107 3020; x_wconf 83' lang='lat' dir='ltr'>seusu,</span> <span class='ocrx_word' id='word_1_282' title='bbox 1125 2973 1205 3026; x_wconf 79' lang='lat' dir='ltr'>quam</span> <span class='ocrx_word' id='word_1_283' title='bbox 1216 2975 1264 3026; x_wconf 82' lang='lat' dir='ltr'>per</span> <span class='ocrx_word' id='word_1_284' title='bbox 1277 2977 1341 3008; x_wconf 75' lang='lat' dir='ltr'>seua</span> <span class='ocrx_word' id='word_1_285' title='bbox 1357 2962 1435 3010; x_wconf 76' lang='lat' dir='ltr'>nautis</span> 
     </span>
     <span class='ocr_line' id='line_1_32' title="bbox 365 3035 1434 3108; baseline 0.002 -20"><span class='ocrx_word' id='word_1_286' title='bbox 365 3041 510 3108; x_wconf 80' lang='lat' dir='ltr'>peragrati,</span> <span class='ocrx_word' id='word_1_287' title='bbox 531 3038 660 3107; x_wconf 83' lang='lat' dir='ltr'>usurpari.</span> <span class='ocrx_word' id='word_1_288' title='bbox 683 3035 763 3101; x_wconf 90' lang='lat' dir='ltr'>Quod</span> <span class='ocrx_word' id='word_1_289' title='bbox 783 3036 856 3089; x_wconf 88' lang='lat' dir='ltr'>uddit</span> <span class='ocrx_word' id='word_1_290' title='bbox 870 3037 1000 3102; x_wconf 87' lang='lat' dir='ltr'>Botheus,</span> <span class='ocrx_word' id='word_1_291' title='bbox 1019 3037 1130 3087; x_wconf 83' lang='lat' dir='ltr'>accedere</span> <span class='ocrx_word' id='word_1_292' title='bbox 1147 3039 1219 3087; x_wconf 78' lang='lat' dir='ltr'>metri</span> <span class='ocrx_word' id='word_1_293' title='bbox 1236 3041 1372 3097; x_wconf 66' lang='lat' dir='ltr'>turronem</span> <span class='ocrx_word' id='word_1_294' title='bbox 1384 3041 1434 3108; x_wconf 80' lang='lat' dir='ltr'>jun</span> 
     </span>
     <span class='ocr_line' id='line_1_33' title="bbox 364 3115 1078 3184; baseline -0.003 -16"><span class='ocrx_word' id='word_1_295' title='bbox 364 3129 441 3170; x_wconf 81' lang='lat' dir='ltr'>snteu</span> <span class='ocrx_word' id='word_1_296' title='bbox 456 3115 556 3180; x_wconf 77' lang='lat' dir='ltr'>refelli,</span> <span class='ocrx_word' id='word_1_297' title='bbox 572 3118 599 3168; x_wconf 91' lang='lat' dir='ltr'>in</span> <span class='ocrx_word' id='word_1_298' title='bbox 612 3115 752 3169; x_wconf 79' lang='lat' dir='ltr'>Animadv.</span> <span class='ocrx_word' id='word_1_299' title='bbox 766 3115 799 3168; x_wconf 86' lang='lat' dir='ltr'>ad</span> <span class='ocrx_word' id='word_1_300' title='bbox 814 3117 890 3170; x_wconf 84' lang='lat' dir='ltr'>Hero.</span> <span class='ocrx_word' id='word_1_301' title='bbox 903 3118 954 3168; x_wconf 83' lang='lat' dir='ltr'>fur.</span> <span class='ocrx_word' id='word_1_302' title='bbox 968 3135 994 3168; x_wconf 84' lang='lat' dir='ltr'>r.</span> <span class='ocrx_word' id='word_1_303' title='bbox 1011 3116 1078 3184; x_wconf 79' lang='lat'>⁵9²·</span> 
     </span>
    </p>

    <p class='ocr_par' dir='ltr' id='par_1_10' title="bbox 366 3192 1434 3426">
     <span class='ocr_line' id='line_1_34' title="bbox 411 3192 1434 3267; baseline 0.001 -19"><span class='ocrx_word' id='word_1_304' title='bbox 411 3201 455 3250; x_wconf 77' lang='lat'>¹6.</span> <span class='ocrx_word' id='word_1_305' title='bbox 479 3192 609 3248; x_wconf 83' lang='lat' dir='ltr'>Instinctar</span> <span class='ocrx_word' id='word_1_306' title='bbox 634 3196 686 3248; x_wconf 84' lang='lat' dir='ltr'>dea.</span> <span class='ocrx_word' id='word_1_307' title='bbox 714 3195 857 3248; x_wconf 82' lang='lat' dir='ltr'>Nonnullis</span> <span class='ocrx_word' id='word_1_308' title='bbox 877 3194 955 3250; x_wconf 89' lang='lat' dir='ltr'>codd.</span> <span class='ocrx_word' id='word_1_309' title='bbox 979 3198 1124 3259; x_wconf 70' lang='lat' dir='ltr'>lustremus,</span> <span class='ocrx_word' id='word_1_310' title='bbox 1150 3193 1224 3267; x_wconf 84' lang='lat' dir='ltr'>quod</span> <span class='ocrx_word' id='word_1_311' title='bbox 1248 3197 1314 3265; x_wconf 83' lang='lat' dir='ltr'>jure</span> <span class='ocrx_word' id='word_1_312' title='bbox 1339 3198 1434 3249; x_wconf 78' lang='lat' dir='ltr'>emoliti</span> 
     </span>
     <span class='ocr_line' id='line_1_35' title="bbox 367 3273 1432 3347; baseline 0.003 -20"><span class='ocrx_word' id='word_1_313' title='bbox 367 3285 427 3328; x_wconf 88' lang='lat' dir='ltr'>suut</span> <span class='ocrx_word' id='word_1_314' title='bbox 448 3275 569 3346; x_wconf 84' lang='lat' dir='ltr'>plerique</span> <span class='ocrx_word' id='word_1_315' title='bbox 592 3273 722 3340; x_wconf 87' lang='lat' dir='ltr'>editores,</span> <span class='ocrx_word' id='word_1_316' title='bbox 741 3277 918 3347; x_wconf 79' lang='lat' dir='ltr'>nequicquam</span> <span class='ocrx_word' id='word_1_317' title='bbox 939 3275 1079 3345; x_wconf 84' lang='lat' dir='ltr'>Herbipol.</span> <span class='ocrx_word' id='word_1_318' title='bbox 1101 3288 1127 3327; x_wconf 84' lang='lat' dir='ltr'>et</span> <span class='ocrx_word' id='word_1_319' title='bbox 1150 3275 1275 3345; x_wconf 77' lang='lat' dir='ltr'>Moguut.</span> <span class='ocrx_word' id='word_1_320' title='bbox 1291 3275 1432 3340; x_wconf 77' lang='lat' dir='ltr'>Delrimis,</span> 
     </span>
     <span class='ocr_line' id='line_1_36' title="bbox 366 3354 1139 3426; baseline -0.003 -18"><span class='ocrx_word' id='word_1_321' title='bbox 366 3373 473 3408; x_wconf 89' lang='lat' dir='ltr'>necnon</span> <span class='ocrx_word' id='word_1_322' title='bbox 488 3355 639 3426; x_wconf 69' lang='lat' dir='ltr'>cantabrig.</span> <span class='ocrx_word' id='word_1_323' title='bbox 653 3355 766 3408; x_wconf 82' lang='lat' dir='ltr'>Poutsoi</span> <span class='ocrx_word' id='word_1_324' title='bbox 780 3356 936 3420; x_wconf 81' lang='lat' dir='ltr'>subnixum,</span> <span class='ocrx_word' id='word_1_325' title='bbox 950 3367 976 3407; x_wconf 89' lang='lat' dir='ltr'>et</span> <span class='ocrx_word' id='word_1_326' title='bbox 986 3373 1031 3407; x_wconf 86' lang='lat' dir='ltr'>rex</span> <span class='ocrx_word' id='word_1_327' title='bbox 1045 3354 1139 3406; x_wconf 81' lang='lat' dir='ltr'>Periss.</span> 
     </span>
    </p>

    <p class='ocr_par' dir='ltr' id='par_1_11' title="bbox 367 3434 1431 3583">
     <span class='ocr_line' id='line_1_37' title="bbox 409 3434 1431 3504; baseline -0.001 -16"><span class='ocrx_word' id='word_1_328' title='bbox 409 3453 454 3504; x_wconf 87' lang='lat'>¹7·</span> <span class='ocrx_word' id='word_1_329' title='bbox 480 3435 595 3489; x_wconf 78' lang='lat' dir='ltr'>Gradena</span> <span class='ocrx_word' id='word_1_330' title='bbox 619 3436 691 3487; x_wconf 80' lang='lat' dir='ltr'>mula.</span> <span class='ocrx_word' id='word_1_331' title='bbox 715 3435 774 3487; x_wconf 85' lang='lat' dir='ltr'>Nic.</span> <span class='ocrx_word' id='word_1_332' title='bbox 797 3435 938 3498; x_wconf 82' lang='lat' dir='ltr'>Heinsius,</span> <span class='ocrx_word' id='word_1_333' title='bbox 960 3435 1069 3504; x_wconf 79' lang='lat' dir='ltr'>gaudens</span> <span class='ocrx_word' id='word_1_334' title='bbox 1091 3434 1167 3500; x_wconf 80' lang='lat' dir='ltr'>nali,</span> <span class='ocrx_word' id='word_1_335' title='bbox 1190 3453 1277 3499; x_wconf 74' lang='lat' dir='ltr'>uuus,</span> <span class='ocrx_word' id='word_1_336' title='bbox 1299 3449 1331 3490; x_wconf 83' lang='lat' dir='ltr'>ut</span> <span class='ocrx_word' id='word_1_337' title='bbox 1354 3435 1431 3498; x_wconf 87' lang='lat' dir='ltr'>solet,</span> 
     </span>
     <span class='ocr_line' id='line_1_38' title="bbox 367 3516 528 3583; baseline -0.006 -16"><span class='ocrx_word' id='word_1_338' title='bbox 367 3516 528 3583; x_wconf 73' lang='lat' dir='ltr'>conjecture.</span> 
     </span>
    </p>

    <p class='ocr_par' dir='ltr' id='par_1_12' title="bbox 363 3590 1436 3901">
     <span class='ocr_line' id='line_1_39' title="bbox 409 3590 1435 3662; baseline 0.001 -17"><span class='ocrx_word' id='word_1_339' title='bbox 409 3596 453 3647; x_wconf 88' lang='grc' dir='ltr'>ι8.</span> <span class='ocrx_word' id='word_1_340' title='bbox 467 3595 583 3647; x_wconf 74' lang='lat' dir='ltr'>Vibranee</span> <span class='ocrx_word' id='word_1_341' title='bbox 591 3591 682 3662; x_wconf 78' lang='lat' dir='ltr'>fixam,</span> <span class='ocrx_word' id='word_1_342' title='bbox 695 3605 739 3645; x_wconf 78' lang='lat' dir='ltr'>erc.</span> <span class='ocrx_word' id='word_1_343' title='bbox 753 3593 854 3646; x_wconf 89' lang='lat' dir='ltr'>Omnes</span> <span class='ocrx_word' id='word_1_344' title='bbox 867 3591 921 3647; x_wconf 84' lang='lat' dir='ltr'>lere</span> <span class='ocrx_word' id='word_1_345' title='bbox 931 3593 973 3647; x_wconf 85' lang='lat' dir='ltr'>vel</span> <span class='ocrx_word' id='word_1_346' title='bbox 986 3590 1117 3646; x_wconf 68' lang='grc'>8138001</span> <span class='ocrx_word' id='word_1_347' title='bbox 1131 3591 1197 3646; x_wconf 88' lang='lat' dir='ltr'>editi</span> <span class='ocrx_word' id='word_1_348' title='bbox 1209 3594 1272 3647; x_wconf 84' lang='lat' dir='ltr'>libri</span> <span class='ocrx_word' id='word_1_349' title='bbox 1284 3593 1324 3646; x_wconf 89' lang='lat' dir='ltr'>sic</span> <span class='ocrx_word' id='word_1_350' title='bbox 1333 3609 1435 3646; x_wconf 65' lang='lat' dir='ltr'>rusum</span> 
     </span>
     <span class='ocr_line' id='line_1_40' title="bbox 367 3665 1436 3744; baseline 0.002 -20"><span class='ocrx_word' id='word_1_351' title='bbox 367 3671 533 3743; x_wconf 87' lang='lat' dir='ltr'>disponunt:</span> <span class='ocrx_word' id='word_1_352' title='bbox 554 3665 672 3726; x_wconf 81' lang='lat' dir='ltr'>Vibrante</span> <span class='ocrx_word' id='word_1_353' title='bbox 698 3675 791 3744; x_wconf 76' lang='lat' dir='ltr'>Tlryrsa</span> <span class='ocrx_word' id='word_1_354' title='bbox 811 3674 921 3744; x_wconf 67' lang='lat' dir='ltr'>pretulit</span> <span class='ocrx_word' id='word_1_355' title='bbox 934 3672 1014 3743; x_wconf 74' lang='lat' dir='ltr'>strues</span> <span class='ocrx_word' id='word_1_356' title='bbox 1033 3684 1125 3742; x_wconf 65' lang='grc' dir='ltr'>σοφαί,-</span> <span class='ocrx_word' id='word_1_357' title='bbox 1138 3673 1212 3743; x_wconf 87' lang='lat' dir='ltr'>quod</span> <span class='ocrx_word' id='word_1_358' title='bbox 1231 3675 1385 3726; x_wconf 78' lang='lat' dir='ltr'>Gronovius</span> <span class='ocrx_word' id='word_1_359' title='bbox 1405 3691 1436 3725; x_wconf 79' lang='lat' dir='ltr'>ex</span> 
     </span>
     <span class='ocr_line' id='line_1_41' title="bbox 367 3751 1435 3824; baseline 0.002 -21"><span class='ocrx_word' id='word_1_360' title='bbox 367 3752 521 3806; x_wconf 81' lang='lat' dir='ltr'>Florentino</span> <span class='ocrx_word' id='word_1_361' title='bbox 533 3753 562 3806; x_wconf 89' lang='lat' dir='ltr'>in</span> <span class='ocrx_word' id='word_1_362' title='bbox 579 3753 716 3806; x_wconf 87' lang='lat' dir='ltr'>meliorem</span> <span class='ocrx_word' id='word_1_363' title='bbox 730 3752 831 3824; x_wconf 76' lang='lat' dir='ltr'>redegit</span> <span class='ocrx_word' id='word_1_364' title='bbox 845 3751 977 3806; x_wconf 86' lang='lat' dir='ltr'>ordinem.</span> <span class='ocrx_word' id='word_1_365' title='bbox 990 3781 1030 3796; x_wconf 86' lang='lat'>-</span> <span class='ocrx_word' id='word_1_366' title='bbox 1043 3752 1119 3806; x_wconf 80' lang='lat' dir='ltr'>MSS.</span> <span class='ocrx_word' id='word_1_367' title='bbox 1134 3753 1231 3806; x_wconf 86' lang='lat' dir='ltr'>Puriss.</span> <span class='ocrx_word' id='word_1_368' title='bbox 1248 3755 1335 3818; x_wconf 67' lang='lat'>8024,</span> <span class='ocrx_word' id='word_1_369' title='bbox 1348 3757 1435 3814; x_wconf 70' lang='lat' dir='ltr'>sons,</span> 
     </span>
     <span class='ocr_line' id='line_1_42' title="bbox 363 3832 473 3901; baseline 0.036 -20"><span class='ocrx_word' id='word_1_370' title='bbox 363 3832 473 3901; x_wconf 76' lang='lat' dir='ltr'>praealta</span> 
     </span>
    </p>

    <p class='ocr_par' dir='ltr' id='par_1_13' title="bbox 364 3910 1436 4142">
     <span class='ocr_line' id='line_1_43' title="bbox 408 3910 1436 3982; baseline 0.002 -20"><span class='ocrx_word' id='word_1_371' title='bbox 408 3929 451 3963; x_wconf 80' lang='lat' dir='ltr'>so.</span> <span class='ocrx_word' id='word_1_372' title='bbox 467 3912 670 3981; x_wconf 77' lang='lat' dir='ltr'>Zethr&#39;javencas.</span> <span class='ocrx_word' id='word_1_373' title='bbox 688 3912 789 3966; x_wconf 90' lang='lat' dir='ltr'>Omnes</span> <span class='ocrx_word' id='word_1_374' title='bbox 801 3923 861 3966; x_wconf 82' lang='lat' dir='ltr'>ente</span> <span class='ocrx_word' id='word_1_375' title='bbox 875 3911 1044 3965; x_wconf 76' lang='lat' dir='ltr'>Gronovium</span> <span class='ocrx_word' id='word_1_376' title='bbox 1056 3910 1118 3964; x_wconf 86' lang='lat' dir='ltr'>edd.</span> <span class='ocrx_word' id='word_1_377' title='bbox 1132 3912 1436 3982; x_wconf 59' lang='lat' dir='ltr'>lacrimantemque</span> 
     </span>
     <span class='ocr_line' id='line_1_44' title="bbox 365 3989 1435 4063; baseline 0.002 -21"><span class='ocrx_word' id='word_1_378' title='bbox 365 3989 420 4042; x_wconf 89' lang='lat' dir='ltr'>dici</span> <span class='ocrx_word' id='word_1_379' title='bbox 438 4003 524 4062; x_wconf 83' lang='lat' dir='ltr'>posset</span> <span class='ocrx_word' id='word_1_380' title='bbox 541 3994 688 4061; x_wconf 75' lang='lat' dir='ltr'>juventatem</span> <span class='ocrx_word' id='word_1_381' title='bbox 709 3994 785 4045; x_wconf 77' lang='lat' dir='ltr'>Zerlu&#39;</span> <span class='ocrx_word' id='word_1_382' title='bbox 805 3997 951 4054; x_wconf 79' lang='lat' dir='ltr'>eaererrr&#39;ere,</span> <span class='ocrx_word' id='word_1_383' title='bbox 971 4010 1021 4063; x_wconf 89' lang='lat' dir='ltr'>pro</span> <span class='ocrx_word' id='word_1_384' title='bbox 1038 3993 1146 4060; x_wconf 78' lang='lat' dir='ltr'>juvenen</span> <span class='ocrx_word' id='word_1_385' title='bbox 1168 3992 1278 4044; x_wconf 79' lang='lat' dir='ltr'>Zetlrm</span> <span class='ocrx_word' id='word_1_386' title='bbox 1299 3994 1435 4044; x_wconf 59' lang='lat' dir='ltr'>woerda.</span> 
     </span>
     <span class='ocr_line' id='line_1_45' title="bbox 364 4068 1436 4142; baseline 0.001 -20"><span class='ocrx_word' id='word_1_387' title='bbox 364 4068 440 4123; x_wconf 78' lang='lat' dir='ltr'>Adde</span> <span class='ocrx_word' id='word_1_388' title='bbox 453 4069 526 4141; x_wconf 86' lang='lat' dir='ltr'>quod</span> <span class='ocrx_word' id='word_1_389' title='bbox 541 4079 594 4124; x_wconf 82' lang='lat' dir='ltr'>non</span> <span class='ocrx_word' id='word_1_390' title='bbox 610 4073 666 4142; x_wconf 86' lang='lat' dir='ltr'>ipse</span> <span class='ocrx_word' id='word_1_391' title='bbox 682 4073 791 4127; x_wconf 82' lang='lat' dir='ltr'>traxerit</span> <span class='ocrx_word' id='word_1_392' title='bbox 807 4072 903 4126; x_wconf 86' lang='lat' dir='ltr'>Zethus</span> <span class='ocrx_word' id='word_1_393' title='bbox 919 4071 1032 4124; x_wconf 83' lang='lat' dir='ltr'>invisum</span> <span class='ocrx_word' id='word_1_394' title='bbox 1049 4071 1141 4124; x_wconf 86' lang='lat' dir='ltr'>Dirces</span> <span class='ocrx_word' id='word_1_395' title='bbox 1155 4089 1273 4142; x_wconf 88' lang='lat' dir='ltr'>corpus,</span> <span class='ocrx_word' id='word_1_396' title='bbox 1288 4071 1335 4124; x_wconf 83' lang='lat' dir='ltr'>sed</span> <span class='ocrx_word' id='word_1_397' title='bbox 1349 4071 1436 4124; x_wconf 72' lang='lat' dir='ltr'>Tauro</span> 
     </span>
    </p>
   </div>
   <div class='ocr_carea' id='block_1_5' title="bbox 0 0 1540 5158">
    <p class='ocr_par' dir='ltr' id='par_1_14' title="bbox 0 0 1540 5158">
     <span class='ocr_line' id='line_1_46' title="bbox 0 0 1540 5158; baseline 0 3"><span class='ocrx_word' id='word_1_398' title='bbox 0 0 1540 5158; x_wconf 95' lang='lat' dir='ltr'> </span> 
     </span>
    </p>
   </div>
  </div>
 </body>
</html>
