3240 5138
301 547 581 616 HERCULES
605 546 826 616 FURENS.
853 549 964 618 ACT.
991 547 1063 622 Ill.
1166 579 1213 651 99

204 683 295 752 Loca
315 695 408 751 mutu
426 696 551 751 terret:
569 681 678 752 sibilat
694 695 781 752 totos
799 685 909 752 minax

202 790 549 888 Serpensperarmos
566 791 684 858 :vocis
699 789 874 860 horrende
887 789 1002 886 fragor
1174 828 1212 881 „s

202 897 266 964 Per
281 917 341 963 ora
356 893 475 971 missus
490 909 584 964 terna
600 895 710 964 felices
727 920 858 990 quoque

202 1002 357 1069 Exterret
369 1001 513 1072 umbros.
531 1000 637 1070 Solvit
651 1025 672 1070 a
686 1001 768 1071 laevn
783 1003 871 1073 feros

202 1107 297 1175 Tunc
318 1107 389 1200 ipse
407 1108 529 1192 rictus,
545 1121 580 1177 et
597 1105 789 1178 Cleonaeum
807 1124 909 1203 caput

203 1215 375 1307 opponit,
396 1236 436 1283 sc
457 1237 492 1283 se
512 1217 659 1308 tegmine
679 1216 804 1310 ingenti
822 1213 947 1310 clepit:

202 1319 348 1388 Victrice
366 1343 523 1414 magnum
543 1319 678 1389 dextera
695 1320 799 1391 robur
815 1346 950 1416 gerens,

203 1426 277 1493 Huc
292 1447 382 1494 nuno
397 1439 431 1495 et
443 1423 522 1496 illuc
534 1425 672 1496 verbere
688 1427 819 1497 assiduo
835 1441 924 1498 rotat
939 1455 948 1495 :

201 1531 388 1624 Ingeminnt
405 1532 499 1602 ictus.
517 1533 673 1603 Domitus
691 1533 961 1629 infregie'minss‚

201 1637 247 1706 Et
265 1641 387 1708 cuncta
405 1635 509 1708 lamus
529 1640 638 1734 capita
659 1639 810 1710 submisit
826 1642 937 1728 canis,

201 1743 373 1840 Antroque
389 1757 461 1814 toto
478 1745 584 1814 cessit.
600 1745 760 1816 Extimuit
776 1746 891 1816 sedens

149 1925 274 1980 vixestin
286 1946 315 1981 ee
327 1928 463 1981 locutione
471 1925 544 2000 quod
552 1928 659 2000 religio·
703 1931 758 1982 612
777 1947 784 1981 ε
800 1955 812 1976 ι
822 1927 872 1982 llle
883 1928 999 1984 Cleooei
1012 1931 1125 2002 projecit
1141 1944 1211 2005 terge

150 2007 280 2060 tissimum
296 2009 495 2078 grammaticum
517 2005 659 2075 offendat,
700 2007 794 2062 leonis.
810 2035 821 2056 ι
839 2005 903 2060 Vid.
925 2021 951 2061 et
970 2007 1058 2062 Vsler.
1081 2010 1166 2066 Flere.
1181 2015 1211 2073 Ι,

150 2087 279 2157 vulgatam
291 2087 411 2152 retineo,
424 2106 480 2141 non
489 2103 543 2140 uno
553 2088 659 2141 Seneca
702 2087 749 2154 34.
760 2087 825 2160 Stet.
838 2086 903 2140 Silv.
917 2087 974 2152 IV,
988 2094 1018 2150 4,
1032 2107 1057 2139 v·
1072 2091 1117 2144 28.
1129 2091 1210 2145 Mart.

149 2162 207 2220 loco
234 2165 387 2234 defensam,
412 2167 440 2219 in
464 2167 558 2239 primis
579 2183 658 2220 versu
700 2165 1209 2239 1v‚60.ssrv.sdvirg.mu.V111‚

151 2245 294 2315 s69Herc.
304 2245 367 2300 OEt.
382 2273 392 2294 ι
404 2245 503 2300 Omnes
511 2245 539 2299 in
549 2247 601 2300 isto
610 2264 657 2318 pe·
704 2247 770 2316 295.

148 2335 222 2379 ctore
234 2326 353 2380 invenies
368 2327 447 2392 ieras,
459 2344 524 2398 ques
538 2326 653 2380 timuit·
740 2343 808 2398 799.
827 2325 915 2398 clepit.
937 2323 1070 2392 Involvit,
1086 2341 1112 2381 et
1133 2331 1208 2402 quasi

188 2411 256 2475 794.
278 2406 359 2459 Mora.
377 2406 410 2458 ln
432 2407 530 2478 quibus
548 2406 656 2474 siletur;
699 2405 811 2471 occulit,
831 2425 847 2458 s
871 2407 977 2460 nime.
1003 2405 1115 2468 Noster,
1134 2407 1208 2466 Med.

148 2497 324 2556 opponuntur
342 2497 408 2538 moto
426 2499 453 2540 et
470 2487 560 2538 latratu
576 2488 657 2556 gissi.
703 2485 756 2540 15⁵
770 2504 777 2539 ε
795 2485 874 2550 «Qui
887 2503 981 2558 capere
995 2486 1138 2540 consilium
1157 2507 1207 2561 po-

148 2563 204 2618 cic.
212 2565 452 2636 proMil.19mota
463 2565 576 2618 solitudo.
591 2564 656 2620 Stat.
698 2576 763 2630 test,
779 2565 814 2618 Et
829 2565 933 2638 clepere
946 2582 1009 2618 sese.
1023 2591 1035 2612 ι
1128 2559 1129 2563 “

148 2643 243 2698 schin.
259 2634 290 2711 Ῐ,
308 2645 383 2713 239:
403 2671 462 2698 ι,..,
477 2645 657 2717 speluncaque
740 2647 805 2699 800.
818 2645 908 2697 Robur.
923 2645 1039 2698 Clavem.
1049 2645 1208 2717 Apollodor.

146 2720 218 2777 docti
230 2723 307 2778 Muto
320 2724 397 2778 senis.
412 2751 423 2772 ι
440 2737 490 2778 etc.
506 2737 556 2780 etc.
699 2724 841 2778 Herculem
850 2724 908 2778 sine
914 2725 987 2777 cleve
995 2737 1022 2777 et
1029 2723 1084 2777 telo
1090 2727 1209 2780 Cerbero

187 2805 256 2874 795.
270 2801 380 2876 Serpens.
397 2806 484 2858 Dreoo
497 2822 577 2876 quem
592 2803 657 2858 Cer·
698 2821 870 2876 congressum
886 2814 996 2866 namet,
1015 2805 1058 2869 11,
1079 2804 1094 2857 5
1111 2823 1118 2858 :
1137 2811 1210 2876 Περι-

147 2883 211 2936 bero
230 2902 281 2955 pro
300 2881 385 2938 cnudo
401 2901 456 2938 esse
475 2901 564 2956 nuper
577 2881 657 2950 dixit,
699 2881 781 2936 Θαλὸν
804 2887 837 2952 τῇ
859 2889 952 2953 κεφαλῇ
972 2881 1017 2944 τὰς
1042 2886 1141 2955 gripes,
1167 2889 1209 2938 obe

147 2981 174 3014 v.
189 2963 256 3034 787.
700 2965 773 3020 ἀνῆκι
782 2964 869 3032 καίπερ
878 2958 1082 3032 ὃακνόμινοςὺπδ
1092 2969 1134 3017 τοῦ
1141 2964 1208 3018 κατὰ

187 3061 256 3113 797.
268 3041 371 3096 Solvite
382 3043 458 3106 levo,
469 3055 519 3096 etc.
529 3042 658 3096 Hercules
698 3048 743 3101 τῆν
763 3041 833 3113 οὐρὰν
849 3038 994 3114 δράκοντος·
1015 3048 1110 3112 κρατῶν
1129 3037 1159 3096 δὲ
1179 3045 1209 3096 iss

146 3121 230 3176 leonis
239 3122 336 3194 pellem
343 3121 409 3175 levo
418 3122 493 3176 lateri
504 3141 657 3193 suspensam
698 3128 740 3174 τοῦ
758 3121 894 3193 τραχήλου,
911 3122 953 3174 καὶ
970 3119 1072 3191 ἄγχων,
1087 3123 1116 3174 τὸ
1129 3124 1205 3194 θηρίον

146 3195 216 3262 (vid.
231 3201 279 3255 int.
294 3219 363 3254 vers.
384 3200 456 3254 1150
464 3201 474 3265 l
491 3201 611 3268 revellit,
626 3215 657 3256 ut
697 3203 789 3254 Ιπιισι.

146 3298 177 3334 ea
190 3282 265 3352 qussi
281 3281 367 3353 clipeo
383 3299 480 3353 corpus
498 3291 576 3354 teget.
738 3281 876 3334 801.Hoc
890 3299 952 3332 nurse
963 3291 989 3330 ee
1001 3279 1065 3332 illuc.
1076 3279 1118 3334 Cf.
1129 3280 1206 3352 Virg.

185 3362 254 3433 798.
276 3361 369 3414 Hirtus.
394 3360 432 3414 Os
455 3360 556 3427 leonis;
579 3361 656 3432 pellis
698 3363 759 3413 AEn.
773 3359 809 3425 V,
824 3359 889 3430 457.

146 3440 219 3492 enim
236 3459 298 3512 pers
316 3459 345 3493 ee
361 3440 455 3493 melior
470 3439 503 3494 ad
516 3453 656 3512 protegen·
738 3439 805 3494 803.
823 3440 956 3492 Etcuncta
957 3474 1025 3492 .......
1041 3443 1129 3508 capita.
1143 3438 1205 3492 Non

146 3517 210 3572 dum
224 3517 656 3592 corpus.Apollod·11,4:Xes-
698 3533 772 3572 terne
792 3532 895 3572 tantum
915 3517 1027 3570 monstri
1046 3519 1147 3589 capito,
1160 3518 1208 3572 sed

146 3599 285 3672 poon‘pssss
298 3603 337 3654 τὸν
348 3603 454 3661 necess,
469 3601 513 3656 τὴν
526 3600 572 3666 μὲν
581 3594 655 3670 δορὰν
698 3596 821 3652 draconis
829 3612 856 3652 et
865 3597 1029 3668 serpentium
1039 3598 1139 3668 quibus
1148 3599 1211 3652 bor·

146 3681 300 3750 ἠμφιέσατο,
318 3686 354 3751 τῷ
367 3680 481 3751 χάσματι
492 3675 522 3731 ‹ll
536 3679 656 3750 ἐχρήσατο
698 3693 758 3732 rent
771 3697 853 3732 comen
868 3695 1017 3750 corpusque
1032 3677 1152 3733 Cerberi.

146 3761 231 3830 κόρυθι.
244 3793 285 3802 -
299 3759 524 3830 Cleonaeumcoput.
537 3757 657 3812 Fuerunt
740 3759 806 3820 804.
829 3761 956 3830 Antioque
976 3769 1025 3808 toto
1047 3761 1125 3813 cessit.
1148 3759 1208 3812 Nic.

147 3838 252 3892 Cleouse
273 3839 354 3892 urbes
374 3837 566 3912 Peloponnesi,
583 3841 657 3910 juxta
700 3837 825 3890 Heinsius
848 3850 905 3889 noto
927 3855 978 3908 pro
1003 3849 1052 3888 toto
1074 3837 1210 3902 volueret,
1323 3880 1326 3890 .

146 3917 295 3972 Nemeaesm
309 3919 401 3972 silvam
412 3959 418 3980 ‚
434 3917 506 3972 unde
522 3919 658 3972 Nemeaeus
700 3917 773 3988 qussi
784 3918 891 3987 vulgato
900 3936 955 3970 non
965 3917 1027 3969 ferri
1037 3930 1133 3988 posset.
1143 3919 1209 3972 Eum

146 3998 204 4065 leo,
218 3999 252 4052 ab
264 3999 380 4051 Hercule
393 3997 509 4064 occisus,
521 3997 609 4051 dictus
620 4011 659 4050 est
701 4010 791 4050 tuetur
805 3995 937 4050 Budenius
950 3997 1099 4068 virgiliano
1109 4015 1211 4064 ‘versu,

148 4077 282 4132 Cleonicus.
295 4077 340 4130 Sil.
354 4079 409 4143 ΙΙΙ,
425 4077 459 4130 33
474 4097 481 4132 :
498 4096 661 4130 «.....nexu·
705 4081 764 4130 AEn.
779 4078 832 4143 Vl,
849 4078 925 4143 423,
942 4105 952 4124 a
968 4077 1038 4129 Toto
1056 4079 1148 4148 ingens
1166 4098 1211 4142 ex·

147 4177 196 4228 que
215 4159 280 4210 elisn
301 4157 386 4211 leonis
397 4157 462 4211 'Ore
483 4159 597 4211 Cleonsei
614 4177 661 4228 pa·
705 4155 823 4210 tenditur
833 4172 928 4211 anuo·
940 4171 1028 4222 ,ratus
1036 4158 1136 4212 scilicet
1143 4171 1213 4208 antro

36 4261 37 4286 l
148 4239 204 4290 tulo
218 4240 348 4292 celentur
361 4237 446 4291 liintu.
464 4265 474 4285 ι
494 4239 594 4290 Lucan.
611 4237 661 4301 lV,
706 4242 789 4300 cessit,
807 4257 857 4309 pro
871 4242 895 4288 io
906 4251 999 4290 antinoo
1011 4259 1035 4287 se
1050 4237 1214 4308 recepit'ecci-

988 4371 1005 4392 n

991 4401 1001 4439 l
