3168 5140
406 539 688 606 ruresres.
717 537 825 605 ter.
854 491 932 604 rit.
1125 532 1198 604 263

192 673 354 740 Succensa
377 668 481 738 multa
500 683 637 763 stagno;
660 692 720 737 nec
743 692 860 736 somno
882 666 972 752 dies,

190 777 387 869 Bacchoque
409 800 475 844 nox
493 774 661 868 jungenda
683 772 832 868 pervigili
849 773 966 841 datur:

192 879 257 950 Sed
280 905 347 949 non
369 881 520 966 timetur3
533 895 605 950 tuta
627 881 695 949 sine
714 876 779 948 telo
801 894 851 948 est
872 878 1011 965 domus,

192 987 369 1081 Rebusque
389 989 499 1082 parvis
521 984 587 1055 alta
607 998 780 1081 praestatur
798 987 901 1079 quies.

191 1095 341 1160 Immone
359 1116 496 1185 regnum
519 1106 589 1180 est,
611 1116 706 1185 posse
725 1092 794 1160 sine
816 1114 918 1184 regno
940 1091 1016 1183 pati.
1163 1123 1201 1172 470

139 1301 242 1352 calentia
260 1312 348 1370 stagna
361 1302 444 1371 fluctu
464 1319 494 1352 ac
513 1313 648 1372 tempestate
692 1321 774 1353 manto
787 1301 867 1365 oriri,
880 1301 954 1352 bonus
966 1319 997 1355 ac
1005 1319 1113 1370 prosper,
1129 1295 1201 1350 unde

135 1381 279 1445 ferirentur?
293 1379 401 1433 Sueten.
417 1397 527 1452 quoque
540 1383 568 1433 in
583 1381 647 1434 Ner.
693 1401 761 1432 mene
780 1393 807 1434 et
828 1399 908 1432 manes
931 1380 1032 1434 venisse
1054 1375 1200 1432 contendit.

141 1457 176 1512 31
190 1476 197 1510 :
211 1459 302 1510 Domus
315 1471 384 1510 tanta
395 1460 483 1511 irritus
489 1462 551 1527 suit,
564 1473 589 1512 ut
599 1473 649 1512 sta·
693 1460 804 1512 Forcell.
818 1479 833 1514 a
847 1458 1006 1532 quibusdam
1021 1457 1085 1512 daei
1100 1475 1200 1510 memo-

138 1557 213 1608 girus·
231 1537 328 1590 tabem
346 1541 418 1590 moris
438 1543 531 1603 instar,
552 1543 649 1592 circum·
694 1551 734 1592 rat
743 1540 776 1591 ab
786 1541 909 1609 ἐμμανὴς,
922 1541 1019 1592 furens.
1031 1538 1148 1590 Macrob.
1158 1535 1204 1588 Sa·

140 1629 230 1688 septum
242 1616 350 1687 edificias
362 1619 398 1669 od
408 1618 500 1672 urbium
511 1623 647 1690 specim...
694 1620 828 1684 turn.1,3
841 1637 848 1671 :
864 1619 991 1672 «Lanuvii
1001 1637 1070 1669 marte
1080 1635 1130 1688 pro
1141 1615 1201 1667 bono

140 1697 252 1749 Balineoe
276 1699 373 1749 murinis
395 1708 419 1747 et
439 1697 527 1750 albulis
544 1699 649 1768 fluentes
693 1696 798 1760 dicunt,
809 1691 879 1751 sicut
889 1697 958 1769 apud
968 1716 1017 1750 nos
1025 1714 1131 1768 quoque
1140 1713 1203 1746 con-

140 1779 238 1849 aquis...
253 1776 377 1828 Proeterea
392 1776 520 1828 indicabat
532 1781 649 1847 piscinam
693 1777 805 1830 tracium
816 1788 855 1830 est
865 1781 981 1840 immune,
992 1789 1022 1829 ut
1033 1779 1141 1827 immanis
1155 1774 1203 1826 het-

141 1875 157 1906 a
173 1855 268 1908 Miseno
287 1855 322 1907 ud
335 1857 456 1908 Arsurum
473 1857 550 1908 lacum
569 1870 649 1910 conte·
695 1857 796 1920 lua,vel
806 1859 1014 1925 immaaefacr'rms,
1026 1855 1202 1924 ethocgenus

141 1945 220 1998 etam,
240 1936 416 2007 porticibusque
433 1937 582 1998 concinnum,
604 1957 650 2008 quo
694 1948 802 2002 cratera,
813 1955 863 2008 pro
875 1937 1003 1988 nerbono.
1015 1936 1132 1988 ‚verum
1142 1933 1203 1986 hac·

142 2013 259 2086 quidquid
273 2019 332 2066 totis
346 2014 416 2068 Baiis
431 2015 562 2068 calidarum
577 2035 650 2087 apuu·
695 2028 771 2070 tenus
779 2014 1201 2088 nihildednplicissensuscausa.

143 2112 194 2144 rum
207 2105 283 2157 esset,
295 2105 472 2146 conmoratus.
695 2095 760 2148 Noel
768 2096 798 2148 in
807 2096 876 2148 Dict.
888 2097 945 2148 Lat.
958 2095 1028 2149 Gall.
1039 2092 1152 2146 derivari
1164 2111 1205 2144 ar·

182 2176 249 2234 466.
264 2172 317 2226 Nec
326 2193 408 2225 somno
417 2173 476 2225 dies.
489 2175 582 2246 Neque
593 2173 649 2228 dies
695 2175 810 2229 hitratur
820 2179 928 2227 inmanis
938 2177 972 2228 ab
983 2175 1109 2245 ἐμμανὴς,
1120 2190 1202 2241 quum

143 2251 209 2304 mihi
224 2249 304 2304 datur
316 2251 451 2322 jungenda
468 2271 578 2318 somno,
593 2253 612 2306 i.
626 2273 648 2308 e.
694 2273 745 2324 pro
757 2256 898 2306 inhumanus
911 2257 1017 2322 esseron
1033 2253 1162 2323 ponitur,
1178 2262 1204 2303 et
1300 2281 1302 2288 ·

142 2332 231 2397 noctu
250 2349 338 2402 neque
354 2349 407 2385 uox
425 2330 546 2386 addenda
562 2334 651 2403 pervi-
696 2334 729 2384 ab
743 2337 768 2386 irs
780 2335 876 2405 privat.
888 2347 968 2404 atque
981 2351 1063 2385 manus
1074 2321 1204 2397 (dextra),

142 2411 189 2482 gili
207 2410 327 2475 Baccho,
345 2411 362 2463 i.
383 2431 406 2464 e.
421 2410 526 2464 diurnis
541 2414 650 2483 epulis:
696 2431 779 2482 quum
801 2431 851 2482 pro
871 2417 971 2466 eremis
993 2422 1150 2482 usurpatur,
1175 2423 1205 2461 ut

142 2507 293 2560 nequanox
302 2488 400 2543 diurno
410 2509 503 2544 somno
514 2492 651 2544 continua·
696 2490 771 2562 quod
784 2511 876 2546 manus
891 2491 1013 2564 amplecti
1029 2505 1054 2544 et
1068 2491 1205 2543 continere

144 2583 203 2634 tur,
216 2587 303 2640 neque
314 2567 370 2622 dies
381 2571 517 2624 nocturnis
527 2589 653 2624 comessa·
696 2585 819 2642 nequeat.
829 2572 891 2624 Hrec
898 2570 1036 2634 derivatio,
1046 2588 1125 2641 quarn
1133 2567 1204 2621 uude

144 2648 270 2703 tionibus.
277 2649 363 2702 Tacit.
373 2648 407 2702 de
415 2667 482 2702 tuor.
492 2649 585 2702 Germ.
597 2670 632 2704 aa
644 2669 651 2704 :
697 2651 866 2723 assumpserit
875 2651 993 2704 Gallicus
1004 2662 1095 2704 auctor
1106 2649 1206 2712 nescio,

146 2730 216 2780 Diem
231 2741 366 2799 noctemque
379 2732 516 2781 continuare
526 2731 649 2798 potando.
698 2730 846 2782 contortius
855 2747 975 2800 expressa
984 2747 1033 2782 nec
1043 2729 1104 2781 satis
1113 2727 1207 2798 proha·

144 2808 207 2859 malli
220 2807 344 2878 probrum.
360 2805 423 2860 vid.
442 2821 468 2860 et
490 2807 550 2861 sen.
565 2808 650 2879 Epist.
697 2808 757 2862 bilis
772 2810 837 2862 mihi
849 2808 962 2873 ridetur,
974 2822 1043 2862 etex
1054 2827 1087 2860 eo
1101 2819 1203 2859 tantum

148 2887 214 2940 123.
697 2900 768 2951 orta,
782 2887 856 2959 qnod
867 2889 895 2940 in
907 2887 1047 2941 Facciolati
1061 2887 1160 2949 lexico,
1171 2883 1204 2937 ad

186 2968 253 3029 468.
265 2966 322 3020 Sue
334 2969 389 3019 telo.
403 2965 445 3020 Ad
458 2965 582 3020 tuendam
595 2984 652 3020 eam
697 2969 772 3038 cujus
780 2968 956 3021 imitationem
963 2984 1040 3020 suum
1047 2965 1205 3036 composuit,

145 3064 201 3098 non
214 3045 294 3098 nmis
304 3065 371 3118 opus
385 3059 432 3099 est.
698 3045 835 3100 invenerat
847 3051 955 3100 immanis
965 3045 1026 3099 duci
1036 3046 1067 3096 ah
1077 3049 1102 3097 in
1109 3044 1206 3115 privat.

185 3131 253 3194 670.
262 3125 368 3177 Immone
376 3145 481 3196 νομωη.
491 3127 517 3178 Is
526 3130 652 3178 mimum
698 3138 724 3177 et
742 3145 869 3188 amaneu
886 3145 935 3179 nec
951 3123 1097 3179 attenderat
1115 3122 1148 3175 de
1164 3123 1205 3176 in-

145 3223 256 3275 regnatu
268 3205 385 3270 obtinet,
397 3205 444 3276 qui
453 3205 557 3257 nullum
565 3205 650 3275 cupit.
698 3204 793 3258 usitato
808 3203 939 3276 adjectivo
957 3224 1038 3256 manus
1055 3204 1096 3256 vel
1113 3208 1204 3263 mareis,

146 3283 249 3336 Omnes
262 3283 292 3335 in
306 3282 553 3348 idcouveniuut,ut
562 3282 651 3354 dupli·
697 3303 752 3336 non
766 3296 853 3337 autem
871 3282 905 3336 de
917 3284 1026 3336 nomine
1041 3281 1205 3335 substantivo

147 3381 205 3416 cem
216 3381 321 3416 nusum
337 3364 457 3418 vocabuli
474 3365 583 3415 immanis
597 3381 652 3416 esse
697 3382 796 3427 manus,
810 3364 844 3417 ab
855 3362 944 3416 italico
959 3363 1091 3432 scriptore
1103 3379 1206 3413 memo-

146 3443 330 3513 prouuutient.
355 3443 459 3496 Nonius
480 3442 598 3496 Marcell.
620 3440 654 3494 de
697 3443 760 3496 rari.
774 3443 876 3496 Forsan
889 3443 969 3496 satius
982 3442 1016 3495 sit
1030 3440 1137 3494 credere
1150 3440 1206 3510 pri·

146 3523 277 3593 propriet.
290 3541 370 3576 serm.
383 3521 447 3575 dicit
462 3526 563 3574 immane
576 3522 654 3593 signi·
698 3541 768 3574 mam
782 3523 904 3576 vocabuli
919 3521 1138 3594 significationem
1152 3537 1207 3572 esse

146 3601 226 3654 ficare
242 3603 350 3672 ingens,
365 3614 391 3656 et
406 3619 526 3664 rursum,
544 3602 654 3654 minime
698 3602 799 3654 crudelis
813 3598 854 3664 (ex
871 3607 896 3653 in
910 3615 936 3656 et
948 3605 1023 3654 manis
1036 3602 1078 3654 vel
1092 3591 1206 3665 manus),-

147 3681 251 3733 bcnum
263 3693 290 3734 et
298 3697 404 3734 nocens.
418 3680 489 3734 Sext.
501 3681 595 3752 Bomp.
604 3681 655 3732 Fe·
699 3693 726 3733 et
740 3700 800 3734 mox
817 3701 849 3734 er
861 3700 893 3734 eo
910 3699 987 3734 sensu
1000 3679 1033 3733 ad
1048 3681 1158 3732 alterum
1172 3679 1208 3730 sa·

147 3773 217 3824 stus,
228 3761 276 3814 lib.
286 3761 342 3824 lx,
356 3786 366 3807 ι
380 3764 502 3823 immanis,
517 3761 587 3812 serus
600 3760 656 3812 sive
699 3773 768 3813 ctam
781 3760 964 3824 inflexionem,
980 3778 1062 3830 quum
1077 3759 1209 3812 soleamus

147 3858 268 3910 magnus.
285 3867 296 3888 ι
327 3839 450 3893 Perottus
478 3840 505 3890 in
530 3852 652 3911 quartum
697 3839 726 3891 in
746 3840 820 3892 omni
835 3858 956 3893 sermone
971 3839 1110 3910 etlingua,
1126 3858 1204 3900 sceva,

146 3919 262 3972 Martini.
289 3919 464 3990 epigramma,
491 3919 655 3972 Porcellinus
693 3919 816 3985 furentia,
833 3919 887 3971 dira
904 3919 1050 3990 appellare,
1068 3937 1125 3988 quar
1143 3936 1207 3989 pro·
1315 3913 1318 3920 “

148 3999 175 4050 in
195 3999 273 4052 lexic.
297 3997 368 4052 idem
388 4011 514 4052 statuunt.
538 3997 590 4052 Sed
610 4018 655 4050 va·
699 3997 800 4068 digiosa
829 4000 907 4052 molis
928 3998 1103 4071 amplitudine
1131 3997 1208 4048 uobis

148 4078 217 4130 riaut
230 4077 257 4130 iu
270 4075 433 4148 expedienda
447 4079 585 4148 utriusque
600 4097 656 4130 sen·
701 4078 816 4132 minitari
831 4077 971 4142 videntur,
981 4092 1007 4131 et
1020 4096 1064 4143 ea,
1077 4095 1136 4147 quae
1151 4093 1206 4126 rno-

148 4176 191 4214 sus
201 4157 313 4228 origine.
322 4157 424 4210 Nonius
434 4155 516 4210 credit
528 4161 656 4212 immersisti
700 4156 764 4214 ‹lurn
779 4155 926 4222 excedunt,
937 4171 1041 4210 tantum
1057 4155 1132 4214 nobis
1149 4155 1210 4221 inji-
1233 4226 1237 4232 ⁸

992 4290 1031 4359 17
