3240 5138
689 515 726 580 L.
754 515 933 583 ANNAEl
959 517 1179 584 SENECAE

456 669 566 716 nunu.
587 650 618 714 Ο
637 649 726 715 socia
744 647 849 715 nostri
867 648 1052 741 sanguinis,
1070 662 1161 716 casta
1178 647 1244 716 fide

454 755 596 821 Servans
614 767 724 821 torum
743 767 904 846 natosque
922 755 1122 846 magnanimi
1141 753 1307 836 Herculis,
1426 787 1466 824 sm

454 856 594 926 Meliora
609 873 718 927 mente
736 861 889 952 concipe,
906 873 1005 952 atque
1023 860 1171 927 animum
1189 861 1303 930 excita.

457 963 568 1032 Aderit
587 963 751 1058 profecto,
768 963 873 1057 qualis
891 989 931 1031 ex
950 965 1038 1035 omni
1058 963 1141 1033 solet

456 1070 603 1148 Labore,
623 1069 738 1163 major.
757 1093 845 1140 usu.
867 1069 968 1158 Quod
986 1071 1082 1138 nimis
1100 1071 1209 1139 miseri
1226 1070 1358 1156 volunt,

455 1179 528 1244 Hoc
547 1174 642 1244 facile
659 1174 808 1245 credunt
826 1199 936 1246 suen.
953 1177 1061 1244 Immo
1076 1176 1166 1270 quod
1182 1191 1333 1246 metuunt
1348 1178 1465 1256 nimis,

454 1283 634 1375 Nunquam
653 1284 799 1350 amoveri
817 1306 933 1376 posse,
949 1306 1010 1350 nec
1029 1279 1099 1351 tolli
1117 1296 1256 1376 putant:
1426 1311 1465 1349 us

455 1391 565 1455 Prona
582 1402 632 1456 est
649 1389 759 1456 timori
776 1411 906 1482 semper
925 1389 958 1455 in
976 1388 1069 1482 pejus
1088 1387 1178 1457 fides.

457 1517 544 1564 usu.
563 1495 763 1578 Demersus,
781 1518 820 1564 ac
838 1491 1005 1580 defossus,
1022 1508 1056 1562 et
1072 1508 1143 1562 toto
1161 1495 1296 1588 insuper
1394 1575 1398 1589 Ι

457 1601 644 1694 Oppressus
662 1599 759 1684 orbe,
777 1623 875 1693 quam
896 1601 982 1668 viam
1001 1600 1044 1669 ad
1062 1624 1198 1694 superos
1216 1599 1337 1668 habet?

459 1729 570 1774 nmen.
583 1706 694 1794 Quam
705 1720 784 1776 tunc
795 1705 956 1787 habebat,
971 1731 1074 1800 quum
1089 1731 1150 1800 per
1161 1720 1307 1774 arentem
1319 1705 1467 1801 plagam,

404 1889 462 1940 rur,
476 1889 501 1930 et
510 1878 594 1930 ullum
607 1879 642 1931 ab
655 1878 711 1931 ullo
724 1876 775 1931 deo
788 1877 913 1931 auxilium
956 1883 1040 1944 Ipsam
1063 1881 1236 1947 magnitudinis
1251 1881 1374 1948 fraterna
1395 1881 1467 1930 nimis

403 1958 451 2008 sibi
464 1957 557 2012 adfore
570 1969 658 2028 negat.
956 1959 1164 2009 circumlucentem
1169 1961 1302 2028 fhrnsnam
1317 1977 1409 2018 exosa,
1424 1961 1467 2008 de-

439 2038 498 2089 310.
510 2042 611 2088 &maru
623 2051 711 2090 corion.
720 2036 751 2088 In
761 2035 913 2098 Herculem,
948 2036 1020 2104 findis
1031 2057 1058 2087 se
1070 2053 1094 2088 ee
1111 2039 1217 2090 obdidit.
1225 2037 1332 2091 Consol.
1346 2036 1379 2089 ad
1391 2036 1468 2108 Poly-

405 2135 451 2167 seu
464 2135 570 2168 uxorem
585 2133 631 2168 seu
644 2127 756 2168 manem
771 2115 913 2186 respicias,
956 2115 1029 2166 bium
1041 2157 1049 2181 ,
1061 2115 1094 2167 32
1107 2133 1114 2168 :
1130 2121 1192 2182 Quoe
1202 2121 1212 2185 (
1222 2114 1400 2168 misericordia
1414 2115 1469 2168 Cn·

405 2193 470 2246 fids.
958 2195 1041 2262 saris)
1060 2215 1134 2262 quum
1144 2214 1177 2245 ex
1190 2197 1241 2262 ipso
1254 2199 1360 2263 eugialo,
1379 2199 1403 2244 iu
1418 2215 1467 2262 quo

443 2275 501 2326 31².
522 2277 607 2339 Qualis
619 2295 652 2325 es.-
667 2277 743 2326 omni.
761 2272 864 2324 Euhoe
877 2272 915 2324 la·
958 2293 1002 2342 ego
1019 2277 1127 2342 defossru
1143 2294 1214 2334 sum,
1233 2279 1366 2342 compium
1379 2277 1469 2325 multo·

406 2354 486 2416 bore,
499 2363 529 2404 ut
538 2353 603 2405 solet
612 2391 619 2416 ,
629 2351 724 2406 evadet
732 2355 915 2426 majorquam,
958 2371 1011 2404 rum
1017 2357 1074 2422 jam
1085 2373 1206 2404 annorum
1219 2356 1291 2404 ruina
1299 2356 1397 2403 obrutos
1406 2355 1469 2421 effo-

405 2431 525 2484 nondum
545 2445 682 2503 suscepto,
701 2432 769 2484 iuis:
784 2430 915 2504 quidquid
958 2435 1036 2491 derit,
1051 2447 1076 2483 ee
1089 2435 1114 2483 in
1126 2437 1202 2484 lucem
1212 2432 1467 2496 eduxerit....Quaest.

406 2510 475 2563 enim
489 2513 577 2583 operis
591 2529 727 2583 aggressus
742 2524 800 2573 est,
820 2515 926 2563 uolam*
958 2522 1047 2564 natur.
1060 2512 1097 2574 V,
1113 2512 1144 2564 15
1161 2515 1240 2578 :Quoe
1254 2526 1325 2563 touta
1341 2514 1469 2562 necessitas

405 2591 532 2643 hactenns
543 2590 631 2661 glorie
645 2591 782 2644 materiam
797 2591 835 2644 illi
844 2591 915 2644 altu·
958 2593 1080 2641 hominem
1087 2594 1209 2642 adsidua
1216 2605 1319 2642 erectum
1329 2591 1468 2649 incremau's,

405 2669 443 2720 lit.
458 2669 525 2721 Mihi
541 2669 662 2724 videntur
677 2671 803 2724 erravisse
821 2669 917 2722 Gallici
959 2684 984 2720 es
996 2673 1103 2738 defodit,
1119 2673 1180 2721 etin
1190 2671 1295 2736 fiendum
1308 2672 1399 2720 soldaris
1414 2671 1471 2718 inti·

405 2749 620 2822 interpretes‚qui
628 2750 716 2802 locum
724 2767 799 2803 secus
808 2748 918 2820 intelligi
960 2768 1007 2800 mae
1016 2753 1110 2810 mersit,
1126 2761 1176 2802 etc.
1188 2749 1245 2801 Hoc
1256 2746 1419 2809 addiderim,
1438 2765 1469 2798 ex

404 2828 522 2880 voluere.
538 2831 634 2896 Coepi:
647 2835 712 2880 Vous
725 2832 918 2880 leuermbim-
959 2828 1070 2900 Tiryest.
1096 2833 1183 2881 1015:
1201 2829 1333 2899 «Nosque
1352 2825 1471 2878 defossos

407 2911 444 2958 uit
457 2911 614 2975 revenirplus
629 2911 715 2976 pand
732 2903 854 2976 qu'opms'
864 2923 918 2959 eous
961 2921 1019 2978 tege
1040 2908 1188 2960 Acheronte
1209 2919 1274 2958 toto.
1289 2929 1302 2950 u
1316 2905 1434 2976 sumpsit
1454 2923 1469 2957 a

405 3006 443 3036 ses
453 3001 658 3039 senescamus.
669 2988 702 3039 Et
712 2991 797 3047 Levis,
807 2988 917 3058 pressis,
961 2987 1090 3058 Virgilio,
1107 2988 1143 3040 ait
1156 2985 1305 3038 Gronovius
1316 3021 1324 3045 ,
1338 2984 1367 3035 in
1381 2983 1468 3035 Culic.

408 3077 437 3116 ut
454 3065 539 3128 solet,
554 3066 660 3119 alterius
673 3066 785 3137 vestigiis
797 3067 883 3117 :Voss
897 3070 919 3117 le
962 3090 973 3109 κ
985 3067 1157 3137 Delossssque
1167 3063 1260 3118 domos
1268 3065 1410 3117 acTsrtara
1419 3081 1469 3114 no·

409 3163 494 3196 serres
509 3149 615 3206 revenit,
631 3161 669 3206 ee,
683 3161 744 3208 cene
747 3148 801 3214 fois
816 3163 916 3212 encore,
961 3156 1002 3197 cte
1012 3157 1118 3197 cruenta
1129 3144 1251 3197 Obsita.»

404 3227 461 3290 plus
477 3228 563 3291 grand
578 3228 690 3292 qu'aprds
709 3239 762 3275 tous
781 3245 819 3276 ses
836 3239 920 3276 arcem
998 3224 1059 3276 3¹8.
1075 3229 1187 3291 Superos.
1201 3221 1255 3273 Ubi
1268 3220 1303 3274 de
1316 3220 1407 3273 inseris
1418 3220 1471 3290 agi·

408 3316 522 3353 maome.
961 3314 1021 3364 tur,
1036 3299 1162 3356 dicuntur
1175 3305 1257 3369 superi
1268 3300 1313 3372 qui
1327 3301 1354 3351 in
1368 3311 1473 3352 terraer

445 3381 506 3433 316.
514 3387 596 3432 Pruna
605 3396 641 3432 eu
649 3385 740 3433 rimon'.
751 3381 803 3446 Qui
815 3381 918 3447 timent,
962 3379 1369 3440 subsoleveusntur.vell.11,is
1377 3395 1384 3428 :
1392 3383 1472 3443 Quam

409 3457 444 3511 ad
453 3463 543 3531 pejora
553 3479 616 3513 vero
626 3459 675 3513 sibi
683 3459 806 3531 lingenda
817 3479 920 3532 semper
961 3464 1031 3528 apud
1045 3480 1144 3529 superos
1160 3463 1248 3511 nabide
1263 3460 1470 3527 magnitudinem,

408 3538 544 3591 inclinans.
558 3539 837 3596 Lucsn.1.d8d:·Sio
850 3541 919 3612 quis·
962 3543 1083 3592 illibatam
1105 3543 1228 3590 decidisset
1247 3541 1283 3589 od
1298 3539 1395 3607 infirm.
1408 3535 1471 3588 Vid.

408 3635 460 3687 que
470 3617 590 3687 pavendo
600 3617 724 3670 Datvims
734 3629 819 3684 lamae,
830 3617 920 3670 nullo·
963 3633 1059 3689 supr.
1071 3623 1114 3682 48.
1127 3619 1170 3672 sic
1179 3617 1250 3689 apud
1259 3617 1366 3670 Grecos
1375 3619 1395 3670 ol
1411 3617 1472 3669 risu.

409 3713 461 3766 que
474 3708 579 3749 auctore
592 3699 720 3750 malorum
729 3735 736 3758 ,
744 3699 809 3762 Quae
823 3699 920 3750 finxere
999 3698 1060 3762 ³¹9·
1073 3701 1303 3765 Arentemplagam,
1313 3707 1362 3747 etc.
1372 3695 1474 3746 Deseri-

410 3775 531 3828 timent.»
539 3775 604 3828 Stat.
616 3778 701 3830 Theb.
712 3779 794 3840 111,5
806 3795 813 3830 ε
824 3779 920 3829 «Tunc
962 3775 1063 3829 buntur
1076 3774 1180 3847 Syrtes,
1195 3775 1334 3846 dequibus
1346 3775 1402 3826 hese
1413 3773 1473 3826 Del·

410 3854 522 3925 plurima
536 3867 621 3909 versat
636 3857 767 3910 Pessimus
789 3854 919 3909 indubiis
962 3854 1023 3907 rio:
1042 3879 1053 3902 ι
1069 3856 1158 3927 Syrtes
1176 3854 1249 3918 dure,
1270 3857 1355 3928 major
1370 3853 1473 3906 minor-

410 3951 494 4002 augur
512 3933 600 3986 timor.
609 3959 621 3978 n
962 3953 1030 4006 que,
1040 3934 1067 3985 in
1078 3935 1145 3988 inuri
1151 3934 1223 4006 quod
1232 3935 1350 3986 Africam
1359 3936 1475 4004 AEfflpto

447 4012 919 4085 317.Defosuu.0ptimeGronovius,
964 4015 1111 4084 proximam
1127 4015 1221 4078 alluit,
1239 4013 1311 4066 fluxu
1332 4024 1358 4066 et
1369 4011 1474 4065 refluxu

412 4089 529 4143 adhunc
542 4090 649 4156 locum,
666 4095 802 4164 sequeutia
816 4093 920 4147 &neos
964 4093 1066 4164 pelagi,
1081 4095 1128 4165 qui
1143 4094 1185 4147 bis
1199 4093 1317 4165 qnotidie
1330 4093 1377 4155 lit,
1393 4109 1476 4145 naves

410 4169 522 4239 collegis.
534 4170 668 4224 Consules.
683 4171 717 4223 ad
729 4173 896 4240 Marciam,a
911 4190 917 4224 :
964 4171 999 4226 sd
1012 4191 1039 4225 se
1051 4185 1148 4226 nactas
1159 4172 1247 4242 (uude
1264 4185 1290 4224 et
1304 4189 1402 4225 nomen
1420 4189 1475 4226 sor·
