3210 5140
446 498 950 573 ANIMADVERSIONES.
1159 525 1231 600 ¹99

169 632 255 697 infesto
269 628 382 684 dicatur.
396 631 500 700 Infestus
512 645 551 688 est
564 632 613 706 qui
628 631 727 686 malurn
742 632 963 700 intert31'userssns,
976 631 1023 704 qul
1037 633 1136 686 malum
1148 633 1232 689 mina·

169 721 212 762 tur
223 721 250 762 et
262 723 346 782 parat.
361 709 474 764 allil'fert
483 713 588 780 inserunt
598 712 631 765 ab
642 715 741 780 insertus
753 706 801 775 (ait
810 711 922 765 Foroell.
936 711 965 763 iu
980 709 1067 778 lexic.)
1078 713 1139 784 quia
1152 716 1231 781 insert·

168 809 206 841 sus
217 799 258 843 eat
270 789 440 844 vehementer
451 790 547 858 iratus,
561 795 660 859 istsestus
671 792 843 846 vehementer
855 791 991 846 molestus.
1005 817 1017 839 ι

210 871 292 923 1018.
310 871 389 921 Teneo
403 891 533 924 murrum.
549 873 660 944 Antiqui
674 869 792 936 oodieet,
807 889 880 924 renuo
894 890 1034 934 novenam
1047 863 1094 924 sed
1107 874 1232 928 monebat

168 948 239 1002 Deir.
257 945 358 1019 (1576)
371 961 438 1002 tenso
450 964 572 1005 noueram
584 951 613 1004 in
625 949 749 1024 pluribus
762 949 942 1022 deprehendi,
953 963 979 1003 et
993 969 1070 1004 sensu
1079 953 1230 1022 praevalere.

172 1029 250 1081 Tereo
262 1043 370 1102 qnoque
382 1029 411 1082 in
421 1030 469 1084 lib.
484 1031 568 1104 Lipsii
575 1070 583 1097 ,
595 1045 621 1085 et
634 1032 661 1084 in
675 1031 834 1085 commelini
846 1029 922 1084 MSS.
935 1030 1052 1084 melioris
1064 1043 1150 1095 notu,
1162 1046 1188 1087 et
1202 1033 1231 1086 in

169 1107 264 1162 Veaet.
285 1121 313 1162 et
328 1109 514 1182 Herbipolens.
536 1109 677 1164 Delrionis.
698 1111 793 1164 Avant.
806 1111 886 1164 Vian'.
907 1109 1015 1182 Grypb.
1033 1109 1104 1163 Pete.
1125 1111 1230 1167 Fabrio.

168 1187 296 1242 Commel.
317 1207 378 1242 oum
398 1207 495 1244 noveru
506 1185 607 1244 ¹Parius.
626 1191 726 1245 babent
743 1209 816 1243 renuo
822 1211 833 1254 ,·
850 1188 898 1244 aed
918 1190 1028 1261 Raphel.
1050 1191 1122 1243 Delr.
1145 1191 1230 1246 Soriv.

167 1266 246 1320 Fam.
260 1267 343 1339 Thya.
356 1281 383 1323 et
395 1275 569 1336 recentiores,
583 1289 644 1325 oum
655 1271 737 1324 Paris.
751 1273 843 1341 8027,
856 1269 982 1324 exhibent
997 1281 1070 1322 teneo.

209 1362 289 1400 roso.
305 1348 438 1402 Morutrum
452 1350 554 1404 occidat.
568 1351 627 1404 Hoo
640 1351 794 1406 Gronovius
809 1350 838 1402 in
854 1351 943 1403 locum
957 1349 1082 1421 vulgatae,
1101 1361 1230 1403 monetmm

166 1427 283 1492 nuseium,
296 1427 447 1495 substituit,
460 1447 474 1483 e
487 1429 605 1484 Florent.
617 1428 677 1484 cod.
690 1429 815 1483 eductum
829 1441 951 1502 :prestet
961 1427 1128 1501 simplicitate
1138 1447 1231 1484 sensus

167 1505 246 1558 leotio
261 1507 432 1574 Florentium
444 1507 491 1562 sed
504 1511 651 1581 vulgatam,
666 1510 699 1562 ab
713 1509 835 1562 omnibus
850 1507 997 1562 editoribus
1010 1509 1084 1580 prius
1097 1521 1230 1582 reoeptam

167 1597 193 1638 et
206 1585 331 1640 omnibus
342 1587 420 1641 MSS.
434 1587 583 1652 defensam,
600 1589 761 1662 ceteroquin
774 1589 909 1642 intellectu
923 1587 1041 1653 facilem,
1055 1600 1161 1644 mutare
1173 1589 1229 1643 lor·

166 1683 211 1717 sun
223 1683 278 1718 nou
292 1664 385 1720 debuit
395 1668 556 1723 Gronovius.

208 1761 290 1799 tort.
303 1747 409 1801 Fundet.
421 1746 570 1802 Duodecim
582 1748 658 1802 MSS.
672 1747 767 1802 Pariss.
780 1759 807 1800 et
819 1746 882 1800 edit.
896 1746 968 1802 Petr.
980 1745 1007 1799 in
1021 1763 1102 1819 marg.
1110 1747 1230 1817 funderes.
1344 1809 1346 1812 ,

207 1825 290 1879 1023.
305 1827 405 1898 Eripuit
417 1832 495 1880 timor.
510 1829 541 1881 ln
558 1829 690 1900 plerisque
703 1835 766 1881 vett·
782 1825 844 1880 edd.
856 1831 944 1898 rapuit.

208 1905 291 1958 10²5.
301 1905 404 1978 Corpori
415 1915 507 1961 trunco.
519 1906 608 1980 AEgid.
621 1909 725 1978 corporis
736 1918 755 1962 t.

208 1988 292 2038 toatl.
304 1985 392 2040 Nimis.
403 1987 560 2042 scribebant
569 1988 634 2040 olim
644 1986 768 2040 nonnulli
782 1986 858 2054 nesus.

208 2065 291 2118 todo.
304 2065 427 2126 Converte.
442 2068 544 2120 Fabrio.
560 2076 651 2121 everte:

208 2143 293 2198 1032.
303 2144 397 2200 Senior.
408 2147 617 2202 convenientius
627 2165 706 2219 quam
716 2155 780 2199 vett.
792 2143 852 2197 edd.
865 2145 943 2198 Fero.
954 2141 1054 2198 lsoard.
1062 2143 1148 2216 AEgid.
1158 2147 1232 2201 Phil.

166 2233 191 2274 et
202 2221 278 2276 MSS.
292 2243 400 2292 omnes,
415 2228 443 2279 ir'r
458 2227 555 2300 quibus
565 2230 667 2299 genitor.
682 2223 833 2279 Ediderunt
844 2230 924 2276 senior
935 2226 1042 2278 Asoens.
1051 2225 1167 2297 lluphel.
1184 2227 1229 2288 (ex

165 2313 253 2356 vetere
267 2305 352 2376 Lipsii
363 2306 450 2373 libro,
465 2319 491 2360 et
503 2309 559 2379 ejus
574 2303 713 2380 opinione)
727 2305 818 2359 Heius.
836 2305 956 2358 Gronov.
970 2304 1077 2376 Bipont.
1093 2318 1120 2358 et
1134 2323 1228 2359 recen·

164 2381 253 2436 tiores.

207 2463 289 2518 rota.
301 2465 338 2516 Et
349 2467 439 2536 Argus.
449 2467 583 2520 volebant
594 2467 653 2519 Nic.
666 2465 757 2519 Heius.
768 2477 797 2516 nt
806 2464 899 2534 Argos,
915 2474 942 2516 et
953 2463 1073 2516 Gronov.
1089 2463 1125 2514 ad
1132 2466 1225 2536 Argos,

165 2541 252 2596 inutili
264 2555 291 2596 et
302 2544 450 2598 inconsultu
462 2544 658 2600 emendatione.

207 2624 292 2686 1043.
302 2626 344 2675 En
353 2623 589 2680 videulladeninm
602 2644 699 2698 sequor
709 2624 754 2696 qui
767 2622 805 2676 sio
817 2624 906 2676 locum
915 2619 1000 2675 edidit
1008 2611 1227 2689 (readunari

165 2711 225 2755 ante
233 2700 311 2756 illurn
323 2723 356 2756 uu
367 2705 448 2768 uideo,
463 2719 573 2778 excepto
586 2704 705 2778 ugido,
716 2704 762 2776 qui
773 2699 860 2756 edidit
869 2719 976 2775 qnoque
989 2719 1019 2752 en
1028 2700 1110 2768 older,
1122 2703 1226 2774 elegan-

165 2779 216 2836 tius
225 2799 306 2853 quam
316 2803 349 2836 en
359 2786 439 2839 uedeo.

205 2867 287 2927 1046.
299 2863 346 2916 Ad
354 2877 440 2918 terram
453 2869 509 2918 ruit.
524 2863 584 2918 Nic.
594 2864 685 2918 Heius.
698 2862 733 2914 nd
742 2873 759 2914 t.
764 2863 827 2933 fluit

208 2943 292 2997 1051.
311 2943 398 2998 Gravi.
412 2945 522 3017 Antiqq.
537 2943 600 2997 edd.
615 2942 846 3012 ermengerus:
860 2941 967 2994 Arcens.
982 2949 1071 2992 tamen
1083 2950 1109 2992 et
1122 2939 1226 2995 Etruso.

165 3019 223 3076 eod.
232 3027 313 3093 gravi,
326 3022 403 3095 quod
415 3025 510 3078 melius
522 3025 600 3078 nobis
614 3023 732 3078 videtur.

207 3107 291 3167 1064.
299 3103 398 3169 Solvite,
410 3104 503 3177 Superi.
512 3103 620 3157 Monuit
631 3103 749 3158 Gronov.
763 3117 817 3154 esse
828 3100 855 3152 in
867 3101 995 3163 Etrusco,
1003 3097 1101 3160 Solvite,
1113 3100 1223 3168 eruperi,

165 3180 236 3251 quod
250 3181 350 3238 baden.
368 3177 473 3255 (1798)
492 3183 520 3236 in
539 3201 594 3237 uno
611 3183 750 3238 christinae
768 3197 875 3252 qnoque
889 3179 1027 3234 inventurn
1041 3175 1225 3247 reponendum

165 3263 377 3331 pronuntiabat:
391 3263 437 3317 sed
453 3266 481 3318 in
498 3261 561 3320 edit.
580 3255 678 3326 (ron)
694 3259 813 3314 Floreut.
828 3257 967 3312 lectionem
983 3259 1043 3328 jure
1060 3268 1179 3324 amovet,
1195 3269 1228 3310 ut

165 3355 249 3396 metm
260 3342 428 3397 eontrarium.
443 3345 521 3398 Both.
532 3355 619 3398 autem
631 3353 707 3415 putat
719 3340 853 3412 scripdsoe
865 3351 1015 3398 auctorem,
1031 3357 1042 3379 ι
1051 3335 1155 3389 Solve'a
1167 3347 1226 3389 tan·

166 3419 198 3473 tis
211 3421 332 3476 mirum
345 3425 487 3488 monstris,
503 3423 621 3478 solvitol.
630 3421 742 3494 Superi,
759 3427 857 3472 rectam
869 3443 894 3482 ·‚
908 3428 956 3470 etc.
971 3414 1053 3480 Quasi
1069 3433 1123 3468 noa
1137 3415 1227 3486 potius

164 3499 198 3552 eit
207 3501 319 3572 vulgatae
330 3501 464 3557 adherere
474 3515 502 3556 et
513 3502 692 3556 Florentinum
703 3499 846 3554 lectionem
858 3495 1000 3568 repudiare
1006 3533 1014 3558 ,
1028 3513 1106 3566 quam
1117 3507 1228 3568 propter

164 3578 233 3634 bano
247 3581 402 3636 navandam
414 3584 491 3655 plura
505 3597 607 3636 mutare
617 3583 713 3646 verba,
727 3593 753 3634 et
764 3577 929 3650 repetitionis
938 3575 1095 3648 elegantiam
1106 3591 1227 3628 comum·

163 3675 242 3731 pete,
256 3663 329 3726 solve,
345 3663 445 3716 solvito!

211 3743 442 3796 insulanorum.
467 3743 509 3796 Sic
530 3744 625 3795 Avant.
639 3739 720 3794 Vian.
741 3737 845 3810 Grypb.
868 3737 938 3790 Petr.
962 3733 1073 3806 Rapbel.
1096 3733 1225 3788 Commel.
1252 3748 1258 3760 ⁸

164 3819 242 3873 Grut.
255 3821 347 3875 Heius.
357 3819 441 3877 Soriv.
454 3823 531 3876 Fam.
543 3821 626 3892 Thys.
636 3821 742 3892 llipont.
753 3816 851 3871 Badeo.
863 3815 1048 3877 ultimorum,
1061 3811 1134 3884 quod
1144 3814 1229 3886 possit

164 3901 304 3965 substitui,
316 3913 344 3954 et
353 3902 441 3956 lor-san
452 3900 642 3974 significantius
653 3913 692 3954 est
704 3917 711 3954 :
722 3897 768 3974 sed
780 3915 873 3970 parurn
884 3895 973 3957 refert,
987 3894 1133 3966 praesertim
1144 3905 1228 3964 quum

163 3997 231 4052 sepe
250 3993 397 4053 usurpetur
414 3983 498 4045 tator,
516 3994 547 4035 ut
562 3982 662 4054 optime
679 3977 816 4033 adnotavit
832 3974 1000 4042 Gronovius,
1016 3991 1067 4046 pro
1084 3975 1147 4027 malt
1172 3989 1227 4048 quo

162 4075 260 4133 eorpus
272 4061 408 4116 animusve
419 4063 531 4116 laborat.

206 4144 289 4196 1068.
303 4142 415 4194 Volture.
431 4143 474 4196 Sic
487 4141 608 4213 plerique
622 4138 737 4193 editores
748 4149 774 4191 et
786 4135 845 4192 eod.
859 4137 942 4190 Paris.
956 4137 1042 4189 θοοῦ.
1055 4133 1172 4187 Botbeue
1183 4133 1231 4204 qui

980 4228 1047 4312 13⁴
