<?xml version="1.0" encoding="UTF-8"?>
<!DOCTYPE html PUBLIC "-//W3C//DTD XHTML 1.0 Transitional//EN"
    "http://www.w3.org/TR/xhtml1/DTD/xhtml1-transitional.dtd">
<html xmlns="http://www.w3.org/1999/xhtml" xml:lang="en" lang="en">
 <head>
  <title>
</title>
<meta http-equiv="Content-Type" content="text/html;charset=utf-8" />
  <meta name='ocr-system' content='tesseract 3.04.00' />
  <meta name='ocr-capabilities' content='ocr_page ocr_carea ocr_par ocr_line ocrx_word'/>
</head>
<body>
  <div class='ocr_page' id='page_1' title='image "./lannsenecparste02piergoog_0356.png"; bbox 0 0 3210 5140; ppageno 0'>
   <div class='ocr_carea' id='block_1_1' title="bbox 434 497 1215 600">
    <p class='ocr_par' dir='ltr' id='par_1_1' title="bbox 434 497 1215 600">
     <span class='ocr_line' id='line_1_1' title="bbox 434 497 1215 600; baseline 0.008 -30"><span class='ocrx_word' id='word_1_1' title='bbox 434 497 943 573; x_wconf 82' lang='lat' dir='ltr'>ANIMADVERSIONES.</span> <span class='ocrx_word' id='word_1_2' title='bbox 1144 505 1215 600; x_wconf 82' lang='lat'>189</span> 
     </span>
    </p>
   </div>
   <div class='ocr_carea' id='block_1_2' title="bbox 153 627 1296 4282">
    <p class='ocr_par' dir='ltr' id='par_1_2' title="bbox 153 627 1217 942">
     <span class='ocr_line' id='line_1_2' title="bbox 155 627 1206 708; baseline 0 -22"><span class='ocrx_word' id='word_1_3' title='bbox 155 636 251 688; x_wconf 74' lang='lat' dir='ltr'>Arent.</span> <span class='ocrx_word' id='word_1_4' title='bbox 267 627 348 685; x_wconf 71' lang='lat' dir='ltr'>visu.</span> <span class='ocrx_word' id='word_1_5' title='bbox 360 630 466 704; x_wconf 81' lang='lat' dir='ltr'>Grypb.</span> <span class='ocrx_word' id='word_1_6' title='bbox 482 643 533 684; x_wconf 89' lang='lat' dir='ltr'>etc.</span> <span class='ocrx_word' id='word_1_7' title='bbox 545 631 696 703; x_wconf 80' lang='lat' dir='ltr'>reperitur,</span> <span class='ocrx_word' id='word_1_8' title='bbox 707 650 784 685; x_wconf 84' lang='lat' dir='ltr'>sensu</span> <span class='ocrx_word' id='word_1_9' title='bbox 799 649 905 703; x_wconf 88' lang='lat' dir='ltr'>quoque</span> <span class='ocrx_word' id='word_1_10' title='bbox 917 642 1023 702; x_wconf 73' lang='lat' dir='ltr'>prestat</span> <span class='ocrx_word' id='word_1_11' title='bbox 1035 651 1043 686; x_wconf 80' lang='lat' dir='ltr'>t</span> <span class='ocrx_word' id='word_1_12' title='bbox 1058 633 1158 699; x_wconf 66' lang='lat' dir='ltr'>Delma,</span> <span class='ocrx_word' id='word_1_13' title='bbox 1170 655 1206 708; x_wconf 83' lang='lat' dir='ltr'>qu</span> 
     </span>
     <span class='ocr_line' id='line_1_3' title="bbox 153 709 1216 785; baseline 0.002 -19"><span class='ocrx_word' id='word_1_14' title='bbox 153 715 223 785; x_wconf 69' lang='lat' dir='ltr'>leges</span> <span class='ocrx_word' id='word_1_15' title='bbox 236 713 314 766; x_wconf 84' lang='lat' dir='ltr'>metri</span> <span class='ocrx_word' id='word_1_16' title='bbox 329 730 383 765; x_wconf 91' lang='lat' dir='ltr'>non</span> <span class='ocrx_word' id='word_1_17' title='bbox 399 721 490 775; x_wconf 83' lang='lat' dir='ltr'>curat,</span> <span class='ocrx_word' id='word_1_18' title='bbox 504 709 586 762; x_wconf 79' lang='lat' dir='ltr'>tabido</span> <span class='ocrx_word' id='word_1_19' title='bbox 601 723 689 764; x_wconf 88' lang='lat' dir='ltr'>tamen</span> <span class='ocrx_word' id='word_1_20' title='bbox 707 711 860 783; x_wconf 86' lang='lat' dir='ltr'>anteponit,</span> <span class='ocrx_word' id='word_1_21' title='bbox 876 723 905 763; x_wconf 91' lang='lat' dir='ltr'>ut</span> <span class='ocrx_word' id='word_1_22' title='bbox 918 712 1117 782; x_wconf 80' lang='lat' dir='ltr'>significantius.</span> <span class='ocrx_word' id='word_1_23' title='bbox 1137 741 1148 762; x_wconf 82' lang='grc' dir='ltr'>ι</span> <span class='ocrx_word' id='word_1_24' title='bbox 1158 717 1216 768; x_wconf 84' lang='lat' dir='ltr'>bio·</span> 
     </span>
     <span class='ocr_line' id='line_1_4' title="bbox 154 789 1217 864; baseline 0.002 -18"><span class='ocrx_word' id='word_1_25' title='bbox 154 794 297 864; x_wconf 74' lang='lat' dir='ltr'>guntinus,</span> <span class='ocrx_word' id='word_1_26' title='bbox 314 791 417 863; x_wconf 83' lang='lat' dir='ltr'>inquit,</span> <span class='ocrx_word' id='word_1_27' title='bbox 431 802 458 844; x_wconf 85' lang='lat' dir='ltr'>et</span> <span class='ocrx_word' id='word_1_28' title='bbox 470 809 541 844; x_wconf 88' lang='lat' dir='ltr'>unus</span> <span class='ocrx_word' id='word_1_29' title='bbox 554 792 673 845; x_wconf 86' lang='lat' dir='ltr'>Venetos</span> <span class='ocrx_word' id='word_1_30' title='bbox 686 789 779 844; x_wconf 80' lang='lat' dir='ltr'>rabido.</span> <span class='ocrx_word' id='word_1_31' title='bbox 794 789 889 845; x_wconf 73' lang='lat' dir='ltr'>Ceteri</span> <span class='ocrx_word' id='word_1_32' title='bbox 901 789 1003 844; x_wconf 79' lang='lat' dir='ltr'>tabido:</span> <span class='ocrx_word' id='word_1_33' title='bbox 1016 792 1123 859; x_wconf 84' lang='lat' dir='ltr'>meiius;</span> <span class='ocrx_word' id='word_1_34' title='bbox 1137 795 1217 848; x_wconf 78' lang='lat' dir='ltr'>hanes</span> 
     </span>
     <span class='ocr_line' id='line_1_5' title="bbox 156 869 604 942; baseline -0.007 -17"><span class='ocrx_word' id='word_1_35' title='bbox 156 873 245 938; x_wconf 87' lang='lat' dir='ltr'>enim,</span> <span class='ocrx_word' id='word_1_36' title='bbox 261 872 337 942; x_wconf 90' lang='lat' dir='ltr'>qnasi</span> <span class='ocrx_word' id='word_1_37' title='bbox 353 871 444 934; x_wconf 85' lang='lat' dir='ltr'>tabes,</span> <span class='ocrx_word' id='word_1_38' title='bbox 461 869 579 924; x_wconf 86' lang='lat' dir='ltr'>conficit.</span> <span class='ocrx_word' id='word_1_39' title='bbox 593 897 604 917; x_wconf 84' lang='lat'><strong>·</strong></span> 
     </span>
    </p>

    <p class='ocr_par' dir='ltr' id='par_1_3' title="bbox 196 949 1007 1022">
     <span class='ocr_line' id='line_1_6' title="bbox 196 949 1007 1022; baseline -0.001 -18"><span class='ocrx_word' id='word_1_40' title='bbox 196 955 264 1022; x_wconf 73' lang='lat'>092.</span> <span class='ocrx_word' id='word_1_41' title='bbox 284 952 365 1022; x_wconf 67' lang='lat' dir='ltr'>Tegit.</span> <span class='ocrx_word' id='word_1_42' title='bbox 383 951 493 1002; x_wconf 88' lang='lat' dir='ltr'>Veteres</span> <span class='ocrx_word' id='word_1_43' title='bbox 508 950 627 1020; x_wconf 74' lang='lat' dir='ltr'>impressi</span> <span class='ocrx_word' id='word_1_44' title='bbox 638 954 710 1020; x_wconf 76' lang='lat' dir='ltr'>gerit.</span> <span class='ocrx_word' id='word_1_45' title='bbox 725 949 816 1002; x_wconf 84' lang='lat' dir='ltr'>Maliet</span> <span class='ocrx_word' id='word_1_46' title='bbox 829 949 901 1002; x_wconf 82' lang='lat' dir='ltr'>Deir.</span> <span class='ocrx_word' id='word_1_47' title='bbox 920 962 1007 1018; x_wconf 67' lang='lat' dir='ltr'>tegens.</span> 
     </span>
    </p>

    <p class='ocr_par' dir='ltr' id='par_1_4' title="bbox 195 1029 1053 1104">
     <span class='ocr_line' id='line_1_7' title="bbox 195 1029 1053 1104; baseline -0.002 -20"><span class='ocrx_word' id='word_1_48' title='bbox 195 1035 262 1100; x_wconf 65' lang='lat'>694.</span> <span class='ocrx_word' id='word_1_49' title='bbox 280 1032 397 1102; x_wconf 82' lang='lat' dir='ltr'>Aterque.</span> <span class='ocrx_word' id='word_1_50' title='bbox 413 1029 506 1084; x_wconf 83' lang='lat' dir='ltr'>Parias.</span> <span class='ocrx_word' id='word_1_51' title='bbox 523 1029 614 1082; x_wconf 88' lang='lat' dir='ltr'>Nostri</span> <span class='ocrx_word' id='word_1_52' title='bbox 632 1030 1053 1104; x_wconf 62' lang='lat' dir='ltr'>8024,8027,8034‚aoe17ue.</span> 
     </span>
    </p>

    <p class='ocr_par' dir='ltr' id='par_1_5' title="bbox 155 1107 1216 1337">
     <span class='ocr_line' id='line_1_8' title="bbox 195 1107 1216 1180; baseline 0 -16"><span class='ocrx_word' id='word_1_53' title='bbox 195 1115 263 1180; x_wconf 85' lang='lat'>697.</span> <span class='ocrx_word' id='word_1_54' title='bbox 278 1110 369 1162; x_wconf 76' lang='lat' dir='ltr'>Ferus.</span> <span class='ocrx_word' id='word_1_55' title='bbox 383 1109 453 1162; x_wconf 82' lang='lat' dir='ltr'>Male</span> <span class='ocrx_word' id='word_1_56' title='bbox 466 1107 535 1162; x_wconf 84' lang='lat' dir='ltr'>Phil.</span> <span class='ocrx_word' id='word_1_57' title='bbox 550 1121 577 1160; x_wconf 91' lang='lat' dir='ltr'>et</span> <span class='ocrx_word' id='word_1_58' title='bbox 588 1107 727 1179; x_wconf 74' lang='lat' dir='ltr'>Burdegsi.</span> <span class='ocrx_word' id='word_1_59' title='bbox 740 1109 811 1162; x_wconf 83' lang='lat' dir='ltr'>Deir.</span> <span class='ocrx_word' id='word_1_60' title='bbox 825 1120 852 1160; x_wconf 89' lang='lat' dir='ltr'>et</span> <span class='ocrx_word' id='word_1_61' title='bbox 863 1107 1014 1180; x_wconf 89' lang='lat' dir='ltr'>quindecim</span> <span class='ocrx_word' id='word_1_62' title='bbox 1026 1109 1120 1162; x_wconf 80' lang='lat' dir='ltr'>Parias.</span> <span class='ocrx_word' id='word_1_63' title='bbox 1134 1124 1216 1164; x_wconf 69' lang='lat' dir='ltr'>tenax.</span> 
     </span>
     <span class='ocr_line' id='line_1_9' title="bbox 156 1187 1214 1262; baseline 0.002 -20"><span class='ocrx_word' id='word_1_64' title='bbox 156 1188 271 1262; x_wconf 73' lang='lat' dir='ltr'>Vulgata</span> <span class='ocrx_word' id='word_1_65' title='bbox 286 1202 342 1241; x_wconf 91' lang='lat' dir='ltr'>tum</span> <span class='ocrx_word' id='word_1_66' title='bbox 363 1207 452 1242; x_wconf 81' lang='lat' dir='ltr'>sensus</span> <span class='ocrx_word' id='word_1_67' title='bbox 471 1188 640 1252; x_wconf 79' lang='lat' dir='ltr'>excelientia,</span> <span class='ocrx_word' id='word_1_68' title='bbox 660 1202 719 1241; x_wconf 89' lang='lat' dir='ltr'>tom</span> <span class='ocrx_word' id='word_1_69' title='bbox 735 1201 800 1241; x_wconf 80' lang='lat' dir='ltr'>vett.</span> <span class='ocrx_word' id='word_1_70' title='bbox 822 1187 884 1240; x_wconf 89' lang='lat' dir='ltr'>edd.</span> <span class='ocrx_word' id='word_1_71' title='bbox 906 1188 985 1242; x_wconf 86' lang='lat' dir='ltr'>Fero.</span> <span class='ocrx_word' id='word_1_72' title='bbox 1008 1188 1107 1242; x_wconf 75' lang='lat' dir='ltr'>heard.</span> <span class='ocrx_word' id='word_1_73' title='bbox 1128 1189 1214 1262; x_wconf 79' lang='lat' dir='ltr'>AEgid.</span> 
     </span>
     <span class='ocr_line' id='line_1_10' title="bbox 155 1266 1135 1337; baseline -0.001 -15"><span class='ocrx_word' id='word_1_74' title='bbox 155 1272 248 1322; x_wconf 72' lang='lat' dir='ltr'>beant.</span> <span class='ocrx_word' id='word_1_75' title='bbox 264 1282 315 1322; x_wconf 89' lang='lat' dir='ltr'>etc.</span> <span class='ocrx_word' id='word_1_76' title='bbox 331 1280 357 1321; x_wconf 92' lang='lat' dir='ltr'>et</span> <span class='ocrx_word' id='word_1_77' title='bbox 368 1268 443 1321; x_wconf 73' lang='lat' dir='ltr'>Mas</span> <span class='ocrx_word' id='word_1_78' title='bbox 456 1268 551 1322; x_wconf 79' lang='lat' dir='ltr'>Parias.</span> <span class='ocrx_word' id='word_1_79' title='bbox 568 1271 640 1337; x_wconf 78' lang='lat'>8027</span> <span class='ocrx_word' id='word_1_80' title='bbox 656 1281 682 1320; x_wconf 91' lang='lat' dir='ltr'>et</span> <span class='ocrx_word' id='word_1_81' title='bbox 700 1271 789 1333; x_wconf 78' lang='lat'>8262,</span> <span class='ocrx_word' id='word_1_82' title='bbox 804 1269 961 1320; x_wconf 81' lang='lat' dir='ltr'>anctoritate</span> <span class='ocrx_word' id='word_1_83' title='bbox 973 1266 1135 1324; x_wconf 77' lang='lat' dir='ltr'>defenditur</span> 
     </span>
    </p>

    <p class='ocr_par' dir='ltr' id='par_1_6' title="bbox 155 1343 1215 1658">
     <span class='ocr_line' id='line_1_11' title="bbox 196 1343 1215 1420; baseline 0.002 -19"><span class='ocrx_word' id='word_1_84' title='bbox 196 1349 262 1418; x_wconf 79' lang='lat'>703.</span> <span class='ocrx_word' id='word_1_85' title='bbox 279 1349 368 1400; x_wconf 83' lang='lat' dir='ltr'>Mundi</span> <span class='ocrx_word' id='word_1_86' title='bbox 379 1349 470 1401; x_wconf 85' lang='lat' dir='ltr'>ultima.</span> <span class='ocrx_word' id='word_1_87' title='bbox 484 1348 597 1418; x_wconf 78' lang='lat' dir='ltr'>Propter</span> <span class='ocrx_word' id='word_1_88' title='bbox 609 1348 794 1419; x_wconf 81' lang='lat' dir='ltr'>repetitionem</span> <span class='ocrx_word' id='word_1_89' title='bbox 807 1343 925 1416; x_wconf 84' lang='lat' dir='ltr'>ejusdem</span> <span class='ocrx_word' id='word_1_90' title='bbox 937 1349 1011 1400; x_wconf 75' lang='lat' dir='ltr'>vocis</span> <span class='ocrx_word' id='word_1_91' title='bbox 1025 1349 1125 1411; x_wconf 76' lang='lat' dir='ltr'>mando,</span> <span class='ocrx_word' id='word_1_92' title='bbox 1141 1350 1215 1420; x_wconf 89' lang='lat' dir='ltr'>quod</span> 
     </span>
     <span class='ocr_line' id='line_1_12' title="bbox 155 1425 1215 1500; baseline 0.002 -20"><span class='ocrx_word' id='word_1_93' title='bbox 155 1429 235 1500; x_wconf 87' lang='lat' dir='ltr'>paulo</span> <span class='ocrx_word' id='word_1_94' title='bbox 250 1428 360 1480; x_wconf 83' lang='lat' dir='ltr'>inferius</span> <span class='ocrx_word' id='word_1_95' title='bbox 374 1427 485 1498; x_wconf 85' lang='lat' dir='ltr'>legitur,</span> <span class='ocrx_word' id='word_1_96' title='bbox 501 1427 616 1480; x_wconf 80' lang='lat' dir='ltr'>Rotheus</span> <span class='ocrx_word' id='word_1_97' title='bbox 632 1427 740 1497; x_wconf 85' lang='lat' dir='ltr'>conjicit</span> <span class='ocrx_word' id='word_1_98' title='bbox 754 1425 858 1479; x_wconf 81' lang='lat' dir='ltr'>dedisse</span> <span class='ocrx_word' id='word_1_99' title='bbox 872 1427 1024 1480; x_wconf 87' lang='lat' dir='ltr'>Senecam&#39;</span> <span class='ocrx_word' id='word_1_100' title='bbox 1013 1447 1038 1478; x_wconf 84' lang='lat' dir='ltr'>tn</span> <span class='ocrx_word' id='word_1_101' title='bbox 1053 1429 1117 1480; x_wconf 82' lang='lat' dir='ltr'>unda</span> <span class='ocrx_word' id='word_1_102' title='bbox 1132 1431 1215 1482; x_wconf 78' lang='lat' dir='ltr'>ultima</span> 
     </span>
     <span class='ocr_line' id='line_1_13' title="bbox 155 1504 1217 1618; baseline 0.002 -58"><span class='ocrx_word' id='word_1_103' title='bbox 155 1510 268 1560; x_wconf 77' lang='lat' dir='ltr'>inmotus</span> <span class='ocrx_word' id='word_1_104' title='bbox 280 1509 411 1560; x_wconf 76' lang='lat' dir='ltr'>uariaret.</span> <span class='ocrx_word' id='word_1_105' title='bbox 424 1506 526 1560; x_wconf 88' lang='lat' dir='ltr'>Landet</span> <span class='ocrx_word' id='word_1_106' title='bbox 538 1518 583 1559; x_wconf 80' lang='lat' dir='ltr'>aut</span> <span class='ocrx_word' id='word_1_107' title='bbox 596 1505 774 1577; x_wconf 77' lang='lat' dir='ltr'>reprehendet</span> <span class='ocrx_word' id='word_1_108' title='bbox 784 1507 852 1560; x_wconf 81' lang='lat' dir='ltr'>hunc</span> <span class='ocrx_word' id='word_1_109' title='bbox 864 1504 1076 1563; x_wconf 81' lang='lat' dir='ltr'>emendationem</span> <span class='ocrx_word' id='word_1_110' title='bbox 1083 1510 1146 1618; x_wconf 80' lang='lat' dir='ltr'>‚qui</span> <span class='ocrx_word' id='word_1_111' title='bbox 1158 1529 1217 1562; x_wconf 89' lang='lat' dir='ltr'>sen·</span> 
     </span>
     <span class='ocr_line' id='line_1_14' title="bbox 156 1585 650 1658; baseline -0.008 -17"><span class='ocrx_word' id='word_1_112' title='bbox 156 1588 265 1642; x_wconf 85' lang='lat' dir='ltr'>tentiam</span> <span class='ocrx_word' id='word_1_113' title='bbox 278 1587 316 1640; x_wconf 91' lang='lat' dir='ltr'>sie</span> <span class='ocrx_word' id='word_1_114' title='bbox 328 1587 502 1658; x_wconf 84' lang='lat' dir='ltr'>compositam</span> <span class='ocrx_word' id='word_1_115' title='bbox 515 1585 650 1656; x_wconf 83' lang='lat' dir='ltr'>intelliget.</span> 
     </span>
    </p>

    <p class='ocr_par' dir='ltr' id='par_1_7' title="bbox 154 1665 1215 1896">
     <span class='ocr_line' id='line_1_15' title="bbox 195 1665 1215 1739; baseline 0.001 -19"><span class='ocrx_word' id='word_1_116' title='bbox 195 1670 262 1736; x_wconf 84' lang='lat'>706.</span> <span class='ocrx_word' id='word_1_117' title='bbox 279 1667 380 1739; x_wconf 79' lang='lat' dir='ltr'>ipsaque</span> <span class='ocrx_word' id='word_1_118' title='bbox 391 1679 471 1718; x_wconf 84' lang='lat' dir='ltr'>morte</span> <span class='ocrx_word' id='word_1_119' title='bbox 485 1665 639 1736; x_wconf 83' lang='lat' dir='ltr'>corrigebat</span> <span class='ocrx_word' id='word_1_120' title='bbox 653 1665 711 1718; x_wconf 87' lang='lat' dir='ltr'>Nic</span> <span class='ocrx_word' id='word_1_121' title='bbox 726 1665 871 1718; x_wconf 82' lang='lat' dir='ltr'>Heinsius</span> <span class='ocrx_word' id='word_1_122' title='bbox 862 1685 958 1736; x_wconf 70' lang='lat' dir='ltr'>ipsaque</span> <span class='ocrx_word' id='word_1_123' title='bbox 970 1678 1052 1728; x_wconf 80' lang='lat' dir='ltr'>nacte,</span> <span class='ocrx_word' id='word_1_124' title='bbox 1070 1665 1143 1737; x_wconf 89' lang='lat' dir='ltr'>quod</span> <span class='ocrx_word' id='word_1_125' title='bbox 1156 1669 1215 1721; x_wconf 83' lang='lat' dir='ltr'>rui·</span> 
     </span>
     <span class='ocr_line' id='line_1_16' title="bbox 154 1743 1214 1817; baseline 0.002 -19"><span class='ocrx_word' id='word_1_126' title='bbox 154 1759 212 1817; x_wconf 76' lang='lat' dir='ltr'>gata</span> <span class='ocrx_word' id='word_1_127' title='bbox 224 1745 339 1800; x_wconf 88' lang='lat' dir='ltr'>debilius</span> <span class='ocrx_word' id='word_1_128' title='bbox 350 1764 431 1799; x_wconf 89' lang='lat' dir='ltr'>nemo</span> <span class='ocrx_word' id='word_1_129' title='bbox 443 1764 497 1800; x_wconf 90' lang='lat' dir='ltr'>non</span> <span class='ocrx_word' id='word_1_130' title='bbox 512 1744 637 1806; x_wconf 80' lang='lat' dir='ltr'>fateatur,</span> <span class='ocrx_word' id='word_1_131' title='bbox 653 1743 778 1816; x_wconf 88' lang='lat' dir='ltr'>quodque</span> <span class='ocrx_word' id='word_1_132' title='bbox 790 1763 881 1798; x_wconf 90' lang='lat' dir='ltr'>omnes</span> <span class='ocrx_word' id='word_1_133' title='bbox 895 1745 959 1797; x_wconf 88' lang='lat' dir='ltr'>libb.</span> <span class='ocrx_word' id='word_1_134' title='bbox 972 1757 1029 1798; x_wconf 92' lang='lat' dir='ltr'>tum</span> <span class='ocrx_word' id='word_1_135' title='bbox 1041 1747 1144 1810; x_wconf 79' lang='lat' dir='ltr'>excusi,</span> <span class='ocrx_word' id='word_1_136' title='bbox 1157 1760 1214 1800; x_wconf 87' lang='lat' dir='ltr'>tum</span> 
     </span>
     <span class='ocr_line' id='line_1_17' title="bbox 154 1823 689 1896; baseline -0.004 -18"><span class='ocrx_word' id='word_1_137' title='bbox 154 1826 327 1896; x_wconf 86' lang='lat' dir='ltr'>manuscripti</span> <span class='ocrx_word' id='word_1_138' title='bbox 340 1844 387 1878; x_wconf 86' lang='lat' dir='ltr'>suo</span> <span class='ocrx_word' id='word_1_139' title='bbox 401 1843 530 1878; x_wconf 85' lang='lat' dir='ltr'>consensu</span> <span class='ocrx_word' id='word_1_140' title='bbox 540 1823 689 1896; x_wconf 87' lang='lat' dir='ltr'>repudiant.</span> 
     </span>
    </p>

    <p class='ocr_par' dir='ltr' id='par_1_8' title="bbox 155 1904 1217 2289">
     <span class='ocr_line' id='line_1_18' title="bbox 196 1904 1217 1978; baseline 0.002 -20"><span class='ocrx_word' id='word_1_141' title='bbox 196 1923 263 1976; x_wconf 88' lang='lat'>7⁰9·</span> <span class='ocrx_word' id='word_1_142' title='bbox 278 1907 386 1958; x_wconf 75' lang='lat' dir='ltr'>decessu.</span> <span class='ocrx_word' id='word_1_143' title='bbox 400 1905 476 1958; x_wconf 85' lang='lat' dir='ltr'>MSS.</span> <span class='ocrx_word' id='word_1_144' title='bbox 492 1922 552 1958; x_wconf 88' lang='lat' dir='ltr'>cum</span> <span class='ocrx_word' id='word_1_145' title='bbox 569 1904 665 1956; x_wconf 88' lang='lat' dir='ltr'>Philoi.</span> <span class='ocrx_word' id='word_1_146' title='bbox 681 1924 785 1968; x_wconf 80' lang='lat' dir='ltr'>secessu,</span> <span class='ocrx_word' id='word_1_147' title='bbox 801 1915 967 1974; x_wconf 75' lang='lat' dir='ltr'>repugnante</span> <span class='ocrx_word' id='word_1_148' title='bbox 984 1917 1069 1958; x_wconf 87' lang='lat' dir='ltr'>metro</span> <span class='ocrx_word' id='word_1_149' title='bbox 1084 1923 1217 1978; x_wconf 78' lang='lat' dir='ltr'>:quorsus</span> 
     </span>
     <span class='ocr_line' id='line_1_19' title="bbox 155 1975 1216 2056; baseline 0.001 -18"><span class='ocrx_word' id='word_1_150' title='bbox 155 1985 235 2056; x_wconf 78' lang='lat' dir='ltr'>igitur</span> <span class='ocrx_word' id='word_1_151' title='bbox 246 1983 379 2038; x_wconf 84' lang='lat' dir='ltr'>Badenius</span> <span class='ocrx_word' id='word_1_152' title='bbox 393 1975 480 2050; x_wconf 83' lang='lat' dir='ltr'>(sliat</span> <span class='ocrx_word' id='word_1_153' title='bbox 499 1997 525 2037; x_wconf 90' lang='lat' dir='ltr'>et</span> <span class='ocrx_word' id='word_1_154' title='bbox 539 1995 617 2037; x_wconf 86' lang='lat' dir='ltr'>antea</span> <span class='ocrx_word' id='word_1_155' title='bbox 629 1984 657 2036; x_wconf 90' lang='lat' dir='ltr'>iu</span> <span class='ocrx_word' id='word_1_156' title='bbox 671 1981 801 2056; x_wconf 88' lang='lat' dir='ltr'>Specim.)</span> <span class='ocrx_word' id='word_1_157' title='bbox 815 1982 991 2037; x_wconf 78' lang='lat' dir='ltr'>Claudianum</span> <span class='ocrx_word' id='word_1_158' title='bbox 1004 1997 1031 2036; x_wconf 90' lang='lat' dir='ltr'>et</span> <span class='ocrx_word' id='word_1_159' title='bbox 1044 1983 1216 2039; x_wconf 72' lang='lat' dir='ltr'>Plutarchum</span> 
     </span>
     <span class='ocr_line' id='line_1_20' title="bbox 156 2061 1216 2133; baseline 0.002 -16"><span class='ocrx_word' id='word_1_160' title='bbox 156 2078 182 2117; x_wconf 88' lang='lat' dir='ltr'>et</span> <span class='ocrx_word' id='word_1_161' title='bbox 196 2062 327 2117; x_wconf 82' lang='lat' dir='ltr'>Ovidium</span> <span class='ocrx_word' id='word_1_162' title='bbox 341 2063 447 2128; x_wconf 79' lang='lat' dir='ltr'>citarit,</span> <span class='ocrx_word' id='word_1_163' title='bbox 462 2077 490 2116; x_wconf 92' lang='lat' dir='ltr'>ut</span> <span class='ocrx_word' id='word_1_164' title='bbox 502 2063 635 2133; x_wconf 75' lang='lat' dir='ltr'>vulgatam</span> <span class='ocrx_word' id='word_1_165' title='bbox 650 2061 787 2118; x_wconf 80' lang='lat' dir='ltr'>tueretur?</span> <span class='ocrx_word' id='word_1_166' title='bbox 802 2062 933 2116; x_wconf 84' lang='lat' dir='ltr'>Budenius</span> <span class='ocrx_word' id='word_1_167' title='bbox 949 2063 1035 2133; x_wconf 78' lang='lat' dir='ltr'>legum</span> <span class='ocrx_word' id='word_1_168' title='bbox 1049 2065 1216 2119; x_wconf 69' lang='lat' dir='ltr'>metricorum</span> 
     </span>
     <span class='ocr_line' id='line_1_21' title="bbox 155 2135 1212 2215; baseline 0.003 -19"><span class='ocrx_word' id='word_1_169' title='bbox 155 2159 209 2196; x_wconf 87' lang='lat' dir='ltr'>non</span> <span class='ocrx_word' id='word_1_170' title='bbox 218 2144 305 2196; x_wconf 85' lang='lat' dir='ltr'>multo</span> <span class='ocrx_word' id='word_1_171' title='bbox 314 2143 443 2196; x_wconf 83' lang='lat' dir='ltr'>curiosior</span> <span class='ocrx_word' id='word_1_172' title='bbox 453 2143 531 2196; x_wconf 84' lang='lat' dir='ltr'>nobis</span> <span class='ocrx_word' id='word_1_173' title='bbox 541 2141 647 2196; x_wconf 79' lang='lat' dir='ltr'>videtur</span> <span class='ocrx_word' id='word_1_174' title='bbox 658 2159 738 2214; x_wconf 81' lang='lat' dir='ltr'>quam</span> <span class='ocrx_word' id='word_1_175' title='bbox 751 2142 842 2195; x_wconf 87' lang='lat' dir='ltr'>Deirio</span> <span class='ocrx_word' id='word_1_176' title='bbox 855 2135 922 2208; x_wconf 86' lang='lat' dir='ltr'>(vid.</span> <span class='ocrx_word' id='word_1_177' title='bbox 935 2161 992 2212; x_wconf 86' lang='lat' dir='ltr'>sup.</span> <span class='ocrx_word' id='word_1_178' title='bbox 1004 2156 1059 2195; x_wconf 88' lang='lat' dir='ltr'>not.</span> <span class='ocrx_word' id='word_1_179' title='bbox 1072 2142 1106 2196; x_wconf 87' lang='lat' dir='ltr'>ad</span> <span class='ocrx_word' id='word_1_180' title='bbox 1121 2164 1145 2197; x_wconf 80' lang='lat' dir='ltr'>v.</span> <span class='ocrx_word' id='word_1_181' title='bbox 1159 2149 1212 2215; x_wconf 85' lang='lat'>691</span> 
     </span>
     <span class='ocr_line' id='line_1_22' title="bbox 155 2215 1017 2289; baseline -0.002 -13"><span class='ocrx_word' id='word_1_182' title='bbox 155 2225 183 2276; x_wconf 89' lang='lat' dir='ltr'>in</span> <span class='ocrx_word' id='word_1_183' title='bbox 198 2225 240 2276; x_wconf 87' lang='lat' dir='ltr'>his</span> <span class='ocrx_word' id='word_1_184' title='bbox 256 2215 432 2289; x_wconf 80' lang='lat' dir='ltr'>Animadv.):</span> <span class='ocrx_word' id='word_1_185' title='bbox 449 2241 539 2276; x_wconf 88' lang='lat' dir='ltr'>esrum</span> <span class='ocrx_word' id='word_1_186' title='bbox 554 2234 641 2276; x_wconf 89' lang='lat' dir='ltr'>tamen</span> <span class='ocrx_word' id='word_1_187' title='bbox 654 2221 800 2276; x_wconf 86' lang='lat' dir='ltr'>decretoria</span> <span class='ocrx_word' id='word_1_188' title='bbox 817 2234 856 2274; x_wconf 85' lang='lat' dir='ltr'>est</span> <span class='ocrx_word' id='word_1_189' title='bbox 870 2222 1017 2274; x_wconf 73' lang='lat' dir='ltr'>necessitas.</span> 
     </span>
    </p>

    <p class='ocr_par' dir='ltr' id='par_1_9' title="bbox 156 2301 1296 3090">
     <span class='ocr_line' id='line_1_23' title="bbox 196 2301 1217 2374; baseline 0 -18"><span class='ocrx_word' id='word_1_190' title='bbox 196 2323 229 2374; x_wconf 89' lang='lat'>71</span> <span class='ocrx_word' id='word_1_191' title='bbox 239 2321 263 2356; x_wconf 91' lang='lat' dir='ltr'>t.</span> <span class='ocrx_word' id='word_1_192' title='bbox 280 2303 485 2357; x_wconf 79' lang='lat' dir='ltr'>Discors.Voiuit</span> <span class='ocrx_word' id='word_1_193' title='bbox 493 2302 592 2356; x_wconf 84' lang='lat' dir='ltr'>frustra</span> <span class='ocrx_word' id='word_1_194' title='bbox 602 2301 760 2355; x_wconf 79' lang='lat' dir='ltr'>Niciieins.</span> <span class='ocrx_word' id='word_1_195' title='bbox 774 2301 898 2355; x_wconf 84' lang='lat' dir='ltr'>substitui</span> <span class='ocrx_word' id='word_1_196' title='bbox 913 2302 1019 2362; x_wconf 64' lang='lat' dir='ltr'>disson,-</span> <span class='ocrx_word' id='word_1_197' title='bbox 1032 2301 1217 2356; x_wconf 87' lang='lat' dir='ltr'>emendatione</span> 
     </span>
     <span class='ocr_line' id='line_1_24' title="bbox 156 2380 1218 2454; baseline -0.001 -18"><span class='ocrx_word' id='word_1_198' title='bbox 156 2384 226 2436; x_wconf 87' lang='lat' dir='ltr'>enim</span> <span class='ocrx_word' id='word_1_199' title='bbox 245 2381 312 2454; x_wconf 88' lang='lat' dir='ltr'>quid</span> <span class='ocrx_word' id='word_1_200' title='bbox 329 2383 412 2454; x_wconf 80' lang='lat' dir='ltr'>opus?</span> <span class='ocrx_word' id='word_1_201' title='bbox 426 2413 465 2424; x_wconf 91' lang='lat'>-</span> <span class='ocrx_word' id='word_1_202' title='bbox 479 2383 546 2434; x_wconf 80' lang='lat' dir='ltr'>Hinc</span> <span class='ocrx_word' id='word_1_203' title='bbox 562 2402 617 2433; x_wconf 86' lang='lat' dir='ltr'>uno.</span> <span class='ocrx_word' id='word_1_204' title='bbox 635 2382 730 2444; x_wconf 83' lang='lat' dir='ltr'>Multi,</span> <span class='ocrx_word' id='word_1_205' title='bbox 749 2383 818 2434; x_wconf 87' lang='lat' dir='ltr'>inter</span> <span class='ocrx_word' id='word_1_206' title='bbox 836 2400 904 2452; x_wconf 86' lang='lat' dir='ltr'>qnos</span> <span class='ocrx_word' id='word_1_207' title='bbox 919 2381 996 2434; x_wconf 84' lang='lat' dir='ltr'>Fern.</span> <span class='ocrx_word' id='word_1_208' title='bbox 1013 2380 1114 2434; x_wconf 83' lang='lat' dir='ltr'>Isoard.</span> <span class='ocrx_word' id='word_1_209' title='bbox 1129 2383 1218 2452; x_wconf 80' lang='lat' dir='ltr'>AEgid.</span> 
     </span>
     <span class='ocr_line' id='line_1_25' title="bbox 156 2459 1219 2532; baseline -0.001 -16"><span class='ocrx_word' id='word_1_210' title='bbox 156 2466 262 2516; x_wconf 79' lang='lat' dir='ltr'>Arcens.</span> <span class='ocrx_word' id='word_1_211' title='bbox 279 2465 375 2514; x_wconf 74' lang='lat' dir='ltr'>Avant.</span> <span class='ocrx_word' id='word_1_212' title='bbox 392 2461 472 2514; x_wconf 80' lang='lat' dir='ltr'>Vino.</span> <span class='ocrx_word' id='word_1_213' title='bbox 489 2461 594 2532; x_wconf 85' lang='lat' dir='ltr'>Gryplt.</span> <span class='ocrx_word' id='word_1_214' title='bbox 611 2462 680 2515; x_wconf 87' lang='lat' dir='ltr'>Petr.</span> <span class='ocrx_word' id='word_1_215' title='bbox 697 2460 801 2514; x_wconf 81' lang='lat' dir='ltr'>Fabric.</span> <span class='ocrx_word' id='word_1_216' title='bbox 818 2473 867 2514; x_wconf 88' lang='lat' dir='ltr'>ete.</span> <span class='ocrx_word' id='word_1_217' title='bbox 882 2466 929 2512; x_wconf 77' lang='lat' dir='ltr'>into</span> <span class='ocrx_word' id='word_1_218' title='bbox 943 2459 1094 2513; x_wconf 87' lang='lat' dir='ltr'>ediderunt.</span> <span class='ocrx_word' id='word_1_219' title='bbox 1112 2461 1219 2515; x_wconf 85' lang='lat' dir='ltr'>Monuit</span> 
     </span>
     <span class='ocr_line' id='line_1_26' title="bbox 156 2537 1219 2612; baseline 0 -17"><span class='ocrx_word' id='word_1_220' title='bbox 156 2542 229 2596; x_wconf 89' lang='lat' dir='ltr'>Deir.</span> <span class='ocrx_word' id='word_1_221' title='bbox 243 2537 343 2610; x_wconf 67' lang='lat'><strong>(1594)</strong></span> <span class='ocrx_word' id='word_1_222' title='bbox 354 2561 408 2596; x_wconf 84' lang='lat' dir='ltr'>esse</span> <span class='ocrx_word' id='word_1_223' title='bbox 420 2542 448 2594; x_wconf 91' lang='lat' dir='ltr'>in</span> <span class='ocrx_word' id='word_1_224' title='bbox 460 2541 582 2612; x_wconf 72' lang='lat' dir='ltr'>idogunt.</span> <span class='ocrx_word' id='word_1_225' title='bbox 595 2561 652 2604; x_wconf 79' lang='lat' dir='ltr'>utto,</span> <span class='ocrx_word' id='word_1_226' title='bbox 666 2539 740 2612; x_wconf 91' lang='lat' dir='ltr'>quod</span> <span class='ocrx_word' id='word_1_227' title='bbox 751 2541 882 2594; x_wconf 85' lang='lat' dir='ltr'>Gruterus</span> <span class='ocrx_word' id='word_1_228' title='bbox 893 2541 1033 2610; x_wconf 86' lang='lat' dir='ltr'>probavit,</span> <span class='ocrx_word' id='word_1_229' title='bbox 1045 2554 1180 2611; x_wconf 86' lang='lat' dir='ltr'>repertum</span> <span class='ocrx_word' id='word_1_230' title='bbox 1192 2557 1219 2596; x_wconf 85' lang='lat' dir='ltr'>et</span> 
     </span>
     <span class='ocr_line' id='line_1_27' title="bbox 157 2619 1219 2693; baseline -0.001 -18"><span class='ocrx_word' id='word_1_231' title='bbox 157 2624 184 2676; x_wconf 93' lang='lat' dir='ltr'>in</span> <span class='ocrx_word' id='word_1_232' title='bbox 198 2641 254 2675; x_wconf 91' lang='lat' dir='ltr'>uno</span> <span class='ocrx_word' id='word_1_233' title='bbox 269 2619 361 2674; x_wconf 87' lang='lat' dir='ltr'>codice</span> <span class='ocrx_word' id='word_1_234' title='bbox 374 2639 381 2674; x_wconf 91' lang='lat'><strong>:</strong></span> <span class='ocrx_word' id='word_1_235' title='bbox 394 2622 505 2693; x_wconf 85' lang='lat' dir='ltr'>jubebat</span> <span class='ocrx_word' id='word_1_236' title='bbox 518 2639 624 2693; x_wconf 86' lang='lat' dir='ltr'>quoque</span> <span class='ocrx_word' id='word_1_237' title='bbox 637 2621 729 2672; x_wconf 86' lang='lat' dir='ltr'>Heins.</span> <span class='ocrx_word' id='word_1_238' title='bbox 743 2621 824 2673; x_wconf 86' lang='lat' dir='ltr'>scribi</span> <span class='ocrx_word' id='word_1_239' title='bbox 837 2638 898 2672; x_wconf 89' lang='lat' dir='ltr'>cum</span> <span class='ocrx_word' id='word_1_240' title='bbox 912 2619 1057 2672; x_wconf 84' lang='lat' dir='ltr'>clarissimo</span> <span class='ocrx_word' id='word_1_241' title='bbox 1074 2621 1108 2673; x_wconf 85' lang='lat' dir='ltr'>il.</span> <span class='ocrx_word' id='word_1_242' title='bbox 1123 2622 1219 2674; x_wconf 86' lang='lat' dir='ltr'>Gr&#39;otio</span> 
     </span>
     <span class='ocr_line' id='line_1_28' title="bbox 157 2699 1219 2773; baseline 0 -19"><span class='ocrx_word' id='word_1_243' title='bbox 157 2702 211 2754; x_wconf 72' lang='lat' dir='ltr'>itae</span> <span class='ocrx_word' id='word_1_244' title='bbox 225 2720 283 2754; x_wconf 85' lang='lat' dir='ltr'>uno.</span> <span class='ocrx_word' id='word_1_245' title='bbox 300 2701 424 2754; x_wconf 87' lang='lat' dir='ltr'>Occurrit</span> <span class='ocrx_word' id='word_1_246' title='bbox 439 2714 566 2773; x_wconf 79' lang='lat' dir='ltr'>preterea</span> <span class='ocrx_word' id='word_1_247' title='bbox 581 2721 628 2752; x_wconf 84' lang='lat' dir='ltr'>uno</span> <span class='ocrx_word' id='word_1_248' title='bbox 644 2700 671 2753; x_wconf 93' lang='lat' dir='ltr'>in</span> <span class='ocrx_word' id='word_1_249' title='bbox 688 2699 770 2753; x_wconf 86' lang='lat' dir='ltr'>Scriv.</span> <span class='ocrx_word' id='word_1_250' title='bbox 787 2700 865 2752; x_wconf 82' lang='lat' dir='ltr'>Fam.</span> <span class='ocrx_word' id='word_1_251' title='bbox 881 2699 964 2769; x_wconf 87' lang='lat' dir='ltr'>Thys.</span> <span class='ocrx_word' id='word_1_252' title='bbox 980 2714 1007 2752; x_wconf 90' lang='lat' dir='ltr'>et</span> <span class='ocrx_word' id='word_1_253' title='bbox 1025 2701 1219 2754; x_wconf 86' lang='lat' dir='ltr'>recentioribus</span> 
     </span>
     <span class='ocr_line' id='line_1_29' title="bbox 156 2779 1219 2849; baseline -0.001 -15"><span class='ocrx_word' id='word_1_254' title='bbox 156 2780 316 2838; x_wconf 85' lang='lat' dir='ltr'>editoribus.</span> <span class='ocrx_word' id='word_1_255' title='bbox 331 2794 356 2833; x_wconf 90' lang='lat' dir='ltr'>et</span> <span class='ocrx_word' id='word_1_256' title='bbox 371 2794 432 2834; x_wconf 86' lang='lat' dir='ltr'>ante</span> <span class='ocrx_word' id='word_1_257' title='bbox 443 2799 535 2833; x_wconf 90' lang='lat' dir='ltr'>omnes</span> <span class='ocrx_word' id='word_1_258' title='bbox 547 2781 573 2832; x_wconf 90' lang='lat' dir='ltr'>in</span> <span class='ocrx_word' id='word_1_259' title='bbox 585 2780 735 2849; x_wconf 80' lang='lat' dir='ltr'>Phiioiogo.</span> <span class='ocrx_word' id='word_1_260' title='bbox 749 2781 783 2831; x_wconf 93' lang='lat' dir='ltr'>In</span> <span class='ocrx_word' id='word_1_261' title='bbox 795 2779 945 2842; x_wconf 84' lang='lat' dir='ltr'>nonnuliis,</span> <span class='ocrx_word' id='word_1_262' title='bbox 956 2783 1021 2842; x_wconf 76' lang='lat' dir='ltr'>vivo,</span> <span class='ocrx_word' id='word_1_263' title='bbox 1036 2792 1062 2832; x_wconf 89' lang='lat' dir='ltr'>et</span> <span class='ocrx_word' id='word_1_264' title='bbox 1073 2792 1148 2832; x_wconf 87' lang='lat' dir='ltr'>notat</span> <span class='ocrx_word' id='word_1_265' title='bbox 1159 2781 1219 2834; x_wconf 87' lang='lat' dir='ltr'>Nic.</span> 
     </span>
     <span class='ocr_line' id='line_1_30' title="bbox 157 2858 1288 2930; baseline 0.002 -18"><span class='ocrx_word' id='word_1_266' title='bbox 157 2861 248 2914; x_wconf 84' lang='lat' dir='ltr'>iieins.</span> <span class='ocrx_word' id='word_1_267' title='bbox 264 2859 298 2913; x_wconf 87' lang='lat' dir='ltr'>ad</span> <span class='ocrx_word' id='word_1_268' title='bbox 311 2859 390 2913; x_wconf 86' lang='lat' dir='ltr'>Ovid.</span> <span class='ocrx_word' id='word_1_269' title='bbox 405 2861 482 2930; x_wconf 85' lang='lat' dir='ltr'>epist.</span> <span class='ocrx_word' id='word_1_270' title='bbox 494 2860 555 2913; x_wconf 87' lang='lat' dir='ltr'>Sab.</span> <span class='ocrx_word' id='word_1_271' title='bbox 566 2862 594 2914; x_wconf 90' lang='lat'>1.</span> <span class='ocrx_word' id='word_1_272' title='bbox 608 2859 695 2924; x_wconf 80' lang='lat' dir='ltr'>35‚in</span> <span class='ocrx_word' id='word_1_273' title='bbox 707 2860 823 2913; x_wconf 82' lang='lat' dir='ltr'>Floreat.</span> <span class='ocrx_word' id='word_1_274' title='bbox 834 2859 884 2930; x_wconf 82' lang='lat' dir='ltr'>legi</span> <span class='ocrx_word' id='word_1_275' title='bbox 893 2863 981 2930; x_wconf 82' lang='lat' dir='ltr'>primo.</span> <span class='ocrx_word' id='word_1_276' title='bbox 994 2858 1219 2928; x_wconf 78' lang='lat' dir='ltr'>Anteponendusn</span> <span class='ocrx_word' id='word_1_277' title='bbox 1284 2903 1288 2914; x_wconf 87' lang='lat'>.</span> 
     </span>
     <span class='ocr_line' id='line_1_31' title="bbox 157 2937 1296 3012; baseline -0.002 -18"><span class='ocrx_word' id='word_1_278' title='bbox 157 2955 196 2994; x_wconf 90' lang='lat' dir='ltr'>est</span> <span class='ocrx_word' id='word_1_279' title='bbox 216 2961 276 3000; x_wconf 82' lang='lat' dir='ltr'>uno,</span> <span class='ocrx_word' id='word_1_280' title='bbox 298 2953 408 3012; x_wconf 87' lang='lat' dir='ltr'>propter</span> <span class='ocrx_word' id='word_1_281' title='bbox 428 2939 624 3012; x_wconf 85' lang='lat' dir='ltr'>oppositionem</span> <span class='ocrx_word' id='word_1_282' title='bbox 643 2957 705 2992; x_wconf 89' lang='lat' dir='ltr'>cum</span> <span class='ocrx_word' id='word_1_283' title='bbox 723 2941 832 2993; x_wconf 85' lang='lat' dir='ltr'>Discors.</span> <span class='ocrx_word' id='word_1_284' title='bbox 845 2937 908 2992; x_wconf 87' lang='lat' dir='ltr'>vid.</span> <span class='ocrx_word' id='word_1_285' title='bbox 928 2951 1045 2992; x_wconf 87' lang='lat' dir='ltr'>nostram</span> <span class='ocrx_word' id='word_1_286' title='bbox 1065 2939 1221 3010; x_wconf 82' lang='lat' dir='ltr'>interpreta-</span> <span class='ocrx_word' id='word_1_287' title='bbox 1294 2947 1296 2955; x_wconf 82' lang='grc'>’</span> 
     </span>
     <span class='ocr_line' id='line_1_32' title="bbox 157 3021 363 3090; baseline -0.01 -16"><span class='ocrx_word' id='word_1_288' title='bbox 157 3021 256 3074; x_wconf 88' lang='lat' dir='ltr'>tionem</span> <span class='ocrx_word' id='word_1_289' title='bbox 273 3039 299 3090; x_wconf 96' lang='lat' dir='ltr'>p</span> <span class='ocrx_word' id='word_1_290' title='bbox 317 3023 363 3074; x_wconf 90' lang='lat'>86.</span> 
     </span>
    </p>

    <p class='ocr_par' dir='ltr' id='par_1_10' title="bbox 157 3095 1223 3232">
     <span class='ocr_line' id='line_1_33' title="bbox 197 3095 1223 3170; baseline -0.004 -18"><span class='ocrx_word' id='word_1_291' title='bbox 197 3119 262 3170; x_wconf 84' lang='lat'>7¹²·</span> <span class='ocrx_word' id='word_1_292' title='bbox 274 3100 354 3152; x_wconf 80' lang='lat' dir='ltr'>Alter.</span> <span class='ocrx_word' id='word_1_293' title='bbox 367 3096 497 3168; x_wconf 68' lang='lat' dir='ltr'>inAEgid.</span> <span class='ocrx_word' id='word_1_294' title='bbox 509 3100 603 3151; x_wconf 79' lang='lat' dir='ltr'>lirant.</span> <span class='ocrx_word' id='word_1_295' title='bbox 613 3098 691 3152; x_wconf 87' lang='lat' dir='ltr'>Viau.</span> <span class='ocrx_word' id='word_1_296' title='bbox 704 3099 809 3170; x_wconf 81' lang='lat' dir='ltr'>Gryph.</span> <span class='ocrx_word' id='word_1_297' title='bbox 821 3098 891 3152; x_wconf 88' lang='lat' dir='ltr'>Petr.</span> <span class='ocrx_word' id='word_1_298' title='bbox 904 3097 1006 3150; x_wconf 79' lang='lat' dir='ltr'>Fabric.</span> <span class='ocrx_word' id='word_1_299' title='bbox 1020 3095 1129 3166; x_wconf 85' lang='lat' dir='ltr'>Raphei.</span> <span class='ocrx_word' id='word_1_300' title='bbox 1143 3098 1223 3150; x_wconf 82' lang='lat' dir='ltr'>Cons-</span> 
     </span>
     <span class='ocr_line' id='line_1_34' title="bbox 157 3180 293 3232; baseline -0.016 0"><span class='ocrx_word' id='word_1_301' title='bbox 157 3180 218 3232; x_wconf 87' lang='lat' dir='ltr'>mel.</span> <span class='ocrx_word' id='word_1_302' title='bbox 231 3193 293 3232; x_wconf 84' lang='lat' dir='ltr'>ater.</span> 
     </span>
    </p>

    <p class='ocr_par' dir='ltr' id='par_1_11' title="bbox 158 3254 1221 3491">
     <span class='ocr_line' id='line_1_35' title="bbox 197 3254 1221 3329; baseline -0.005 -16"><span class='ocrx_word' id='word_1_303' title='bbox 197 3266 263 3328; x_wconf 68' lang='lat'>714.</span> <span class='ocrx_word' id='word_1_304' title='bbox 279 3257 583 3322; x_wconf 72' lang='lat' dir='ltr'>Attu.Nonnulti,&#39;1n</span> <span class='ocrx_word' id='word_1_305' title='bbox 602 3257 702 3329; x_wconf 87' lang='lat' dir='ltr'>qutbus</span> <span class='ocrx_word' id='word_1_306' title='bbox 718 3258 824 3322; x_wconf 85' lang='lat' dir='ltr'>Deirto</span> <span class='ocrx_word' id='word_1_307' title='bbox 840 3270 868 3308; x_wconf 82' lang='lat' dir='ltr'>at</span> <span class='ocrx_word' id='word_1_308' title='bbox 882 3258 953 3318; x_wconf 83' lang='lat' dir='ltr'>lunc</span> <span class='ocrx_word' id='word_1_309' title='bbox 971 3255 1076 3316; x_wconf 78' lang='lat' dir='ltr'>«male,</span> <span class='ocrx_word' id='word_1_310' title='bbox 1095 3254 1131 3307; x_wconf 83' lang='lat' dir='ltr'>ait</span> <span class='ocrx_word' id='word_1_311' title='bbox 1150 3255 1221 3308; x_wconf 86' lang='lat' dir='ltr'>Gru·</span> 
     </span>
     <span class='ocr_line' id='line_1_36' title="bbox 158 3335 1220 3412; baseline -0.006 -20"><span class='ocrx_word' id='word_1_312' title='bbox 158 3351 244 3412; x_wconf 55' lang='lat' dir='ltr'>terum</span> <span class='ocrx_word' id='word_1_313' title='bbox 265 3339 303 3390; x_wconf 80' lang='lat' dir='ltr'>itia</span> <span class='ocrx_word' id='word_1_314' title='bbox 324 3337 395 3390; x_wconf 88' lang='lat' dir='ltr'>enim</span> <span class='ocrx_word' id='word_1_315' title='bbox 416 3335 513 3391; x_wconf 85' lang='lat' dir='ltr'>diserte</span> <span class='ocrx_word' id='word_1_316' title='bbox 533 3338 680 3409; x_wconf 88' lang='lat' dir='ltr'>opponitur</span> <span class='ocrx_word' id='word_1_317' title='bbox 698 3337 758 3389; x_wconf 81' lang='lat' dir='ltr'>roci</span> <span class='ocrx_word' id='word_1_318' title='bbox 774 3339 836 3388; x_wconf 82' lang='lat' dir='ltr'>aiter</span> <span class='ocrx_word' id='word_1_319' title='bbox 856 3355 945 3389; x_wconf 80' lang='lat' dir='ltr'>versus</span> <span class='ocrx_word' id='word_1_320' title='bbox 967 3347 1220 3406; x_wconf 74' lang='lat' dir='ltr'>712‚tuenturque</span> 
     </span>
     <span class='ocr_line' id='line_1_37' title="bbox 158 3417 483 3491; baseline 0 -21"><span class='ocrx_word' id='word_1_321' title='bbox 158 3419 241 3491; x_wconf 82' lang='lat' dir='ltr'>ipsam</span> <span class='ocrx_word' id='word_1_322' title='bbox 254 3417 339 3489; x_wconf 82' lang='lat' dir='ltr'>nostri</span> <span class='ocrx_word' id='word_1_323' title='bbox 355 3435 483 3470; x_wconf 86' lang='lat' dir='ltr'>ornnes.</span> 
     </span>
    </p>

    <p class='ocr_par' dir='ltr' id='par_1_12' title="bbox 197 3482 908 3569">
     <span class='ocr_line' id='line_1_38' title="bbox 197 3482 908 3569; baseline -0.006 -19"><span class='ocrx_word' id='word_1_324' title='bbox 197 3516 266 3569; x_wconf 86' lang='lat'>717.</span> <span class='ocrx_word' id='word_1_325' title='bbox 282 3482 341 3550; x_wconf 71' lang='lat' dir='ltr'>&#39;Ado</span> <span class='ocrx_word' id='word_1_326' title='bbox 329 3517 402 3549; x_wconf 45' lang='lat' dir='ltr'>mersa</span> <span class='ocrx_word' id='word_1_327' title='bbox 416 3499 448 3549; x_wconf 92' lang='lat' dir='ltr'>Iu</span> <span class='ocrx_word' id='word_1_328' title='bbox 464 3495 710 3550; x_wconf 89' lang='lat' dir='ltr'>duobusCommei.</span> <span class='ocrx_word' id='word_1_329' title='bbox 723 3494 802 3548; x_wconf 89' lang='lat' dir='ltr'>codd.</span> <span class='ocrx_word' id='word_1_330' title='bbox 818 3513 908 3548; x_wconf 73' lang='lat' dir='ltr'>averse.</span> 
     </span>
    </p>

    <p class='ocr_par' dir='ltr' id='par_1_13' title="bbox 157 3572 1225 4205">
     <span class='ocr_line' id='line_1_39' title="bbox 198 3572 1221 3648; baseline -0.007 -18"><span class='ocrx_word' id='word_1_331' title='bbox 198 3595 265 3648; x_wconf 86' lang='lat'><strong>7¹9·</strong></span> <span class='ocrx_word' id='word_1_332' title='bbox 283 3577 339 3629; x_wconf 85' lang='lat' dir='ltr'>Hoc</span> <span class='ocrx_word' id='word_1_333' title='bbox 356 3574 443 3628; x_wconf 82' lang='lat' dir='ltr'>umbris</span> <span class='ocrx_word' id='word_1_334' title='bbox 460 3580 513 3628; x_wconf 70' lang='lat' dir='ltr'>ite.»-</span> <span class='ocrx_word' id='word_1_335' title='bbox 535 3575 614 3629; x_wconf 90' lang='lat' dir='ltr'>Both.</span> <span class='ocrx_word' id='word_1_336' title='bbox 634 3573 759 3629; x_wconf 87' lang='lat' dir='ltr'>emendat</span> <span class='ocrx_word' id='word_1_337' title='bbox 778 3577 823 3626; x_wconf 82' lang='lat' dir='ltr'>isac</span> <span class='ocrx_word' id='word_1_338' title='bbox 840 3595 865 3628; x_wconf 89' lang='grc' dir='ltr'>ιι.</span> <span class='ocrx_word' id='word_1_339' title='bbox 885 3580 901 3626; x_wconf 89' lang='grc' dir='ltr'>ι’.</span> <span class='ocrx_word' id='word_1_340' title='bbox 925 3573 1025 3646; x_wconf 86' lang='lat' dir='ltr'>qnia,</span> <span class='ocrx_word' id='word_1_341' title='bbox 1042 3572 1144 3642; x_wconf 84' lang='lat' dir='ltr'>inquit,</span> <span class='ocrx_word' id='word_1_342' title='bbox 1164 3573 1221 3644; x_wconf 82' lang='lat' dir='ltr'>ipss</span> 
     </span>
     <span class='ocr_line' id='line_1_40' title="bbox 158 3651 1222 3727; baseline -0.003 -18"><span class='ocrx_word' id='word_1_343' title='bbox 158 3657 279 3710; x_wconf 88' lang='lat' dir='ltr'>Plutonis</span> <span class='ocrx_word' id='word_1_344' title='bbox 291 3655 383 3708; x_wconf 88' lang='lat' dir='ltr'>iimina</span> <span class='ocrx_word' id='word_1_345' title='bbox 400 3675 455 3707; x_wconf 89' lang='lat' dir='ltr'>non</span> <span class='ocrx_word' id='word_1_346' title='bbox 470 3653 523 3708; x_wconf 87' lang='lat' dir='ltr'>dici</span> <span class='ocrx_word' id='word_1_347' title='bbox 542 3668 653 3727; x_wconf 88' lang='lat' dir='ltr'>possunt</span> <span class='ocrx_word' id='word_1_348' title='bbox 668 3658 714 3707; x_wconf 79' lang='lat' dir='ltr'>iter</span> <span class='ocrx_word' id='word_1_349' title='bbox 730 3673 776 3708; x_wconf 88' lang='lat' dir='ltr'>seu</span> <span class='ocrx_word' id='word_1_350' title='bbox 790 3655 832 3708; x_wconf 80' lang='lat' dir='ltr'>ria</span> <span class='ocrx_word' id='word_1_351' title='bbox 849 3655 1038 3708; x_wconf 85' lang='lat' dir='ltr'>umbrarum.</span> <span class='ocrx_word' id='word_1_352' title='bbox 1053 3651 1222 3706; x_wconf 84' lang='lat' dir='ltr'>Praestantem</span> 
     </span>
     <span class='ocr_line' id='line_1_41' title="bbox 157 3733 1223 3806; baseline -0.003 -18"><span class='ocrx_word' id='word_1_353' title='bbox 157 3737 243 3788; x_wconf 79' lang='lat' dir='ltr'>virum</span> <span class='ocrx_word' id='word_1_354' title='bbox 260 3735 353 3800; x_wconf 84' lang='lat' dir='ltr'>latuit,</span> <span class='ocrx_word' id='word_1_355' title='bbox 369 3753 437 3806; x_wconf 80' lang='lat' dir='ltr'>saepe</span> <span class='ocrx_word' id='word_1_356' title='bbox 454 3748 481 3787; x_wconf 91' lang='lat' dir='ltr'>et</span> <span class='ocrx_word' id='word_1_357' title='bbox 499 3735 692 3805; x_wconf 78' lang='lat' dir='ltr'>elegantissime</span> <span class='ocrx_word' id='word_1_358' title='bbox 713 3733 870 3805; x_wconf 86' lang='lat' dir='ltr'>adjectivum</span> <span class='ocrx_word' id='word_1_359' title='bbox 887 3733 1098 3805; x_wconf 87' lang='lat' dir='ltr'>pronomiuaiem</span> <span class='ocrx_word' id='word_1_360' title='bbox 1117 3733 1155 3783; x_wconf 81' lang='lat' dir='ltr'>iu&#39;c</span> <span class='ocrx_word' id='word_1_361' title='bbox 1173 3752 1223 3803; x_wconf 92' lang='lat' dir='ltr'>pro</span> 
     </span>
     <span class='ocr_line' id='line_1_42' title="bbox 158 3810 1224 3878; baseline -0.004 -9"><span class='ocrx_word' id='word_1_362' title='bbox 158 3814 284 3868; x_wconf 80' lang='lat' dir='ltr'>adverbio</span> <span class='ocrx_word' id='word_1_363' title='bbox 300 3817 362 3877; x_wconf 80' lang='lat' dir='ltr'>isac,</span> <span class='ocrx_word' id='word_1_364' title='bbox 381 3815 422 3866; x_wconf 84' lang='lat' dir='ltr'>vei</span> <span class='ocrx_word' id='word_1_365' title='bbox 437 3815 495 3877; x_wconf 78' lang='lat' dir='ltr'>itae,</span> <span class='ocrx_word' id='word_1_366' title='bbox 513 3815 555 3866; x_wconf 76' lang='lat' dir='ltr'>uei</span> <span class='ocrx_word' id='word_1_367' title='bbox 569 3815 638 3878; x_wconf 83' lang='lat' dir='ltr'>ltine,</span> <span class='ocrx_word' id='word_1_368' title='bbox 653 3813 782 3868; x_wconf 88' lang='lat' dir='ltr'>adhiberi.</span> <span class='ocrx_word' id='word_1_369' title='bbox 799 3815 878 3868; x_wconf 86' lang='lat' dir='ltr'>Istius</span> <span class='ocrx_word' id='word_1_370' title='bbox 891 3810 965 3866; x_wconf 88' lang='lat' dir='ltr'>modi</span> <span class='ocrx_word' id='word_1_371' title='bbox 983 3815 1096 3864; x_wconf 82' lang='lat' dir='ltr'>attractio</span> <span class='ocrx_word' id='word_1_372' title='bbox 1109 3812 1224 3865; x_wconf 84' lang='lat' dir='ltr'>usitatis·</span> 
     </span>
     <span class='ocr_line' id='line_1_43' title="bbox 158 3890 1224 3966; baseline -0.004 -18"><span class='ocrx_word' id='word_1_373' title='bbox 158 3895 221 3948; x_wconf 82' lang='lat' dir='ltr'>sima</span> <span class='ocrx_word' id='word_1_374' title='bbox 236 3907 275 3948; x_wconf 85' lang='lat' dir='ltr'>eat</span> <span class='ocrx_word' id='word_1_375' title='bbox 290 3894 320 3946; x_wconf 88' lang='lat' dir='ltr'>in</span> <span class='ocrx_word' id='word_1_376' title='bbox 335 3893 420 3966; x_wconf 90' lang='lat' dir='ltr'>poetis</span> <span class='ocrx_word' id='word_1_377' title='bbox 434 3912 441 3945; x_wconf 94' lang='lat'>:</span> <span class='ocrx_word' id='word_1_378' title='bbox 455 3893 493 3946; x_wconf 92' lang='lat' dir='ltr'>sic</span> <span class='ocrx_word' id='word_1_379' title='bbox 505 3894 613 3946; x_wconf 87' lang='lat' dir='ltr'>Terent.</span> <span class='ocrx_word' id='word_1_380' title='bbox 627 3893 710 3948; x_wconf 79' lang='lat' dir='ltr'>Andr.</span> <span class='ocrx_word' id='word_1_381' title='bbox 724 3907 773 3947; x_wconf 88' lang='lat' dir='ltr'>act.</span> <span class='ocrx_word' id='word_1_382' title='bbox 791 3896 819 3958; x_wconf 88' lang='lat'>1,</span> <span class='ocrx_word' id='word_1_383' title='bbox 831 3912 904 3946; x_wconf 87' lang='lat' dir='ltr'>scen.</span> <span class='ocrx_word' id='word_1_384' title='bbox 920 3911 945 3957; x_wconf 88' lang='lat'>1,</span> <span class='ocrx_word' id='word_1_385' title='bbox 958 3910 984 3944; x_wconf 87' lang='lat' dir='ltr'>v.</span> <span class='ocrx_word' id='word_1_386' title='bbox 999 3911 1035 3962; x_wconf 88' lang='lat'>97</span> <span class='ocrx_word' id='word_1_387' title='bbox 1050 3909 1056 3944; x_wconf 92' lang='lat'><strong>:</strong></span> <span class='ocrx_word' id='word_1_388' title='bbox 1074 3891 1144 3944; x_wconf 81' lang='lat' dir='ltr'>«hoc</span> <span class='ocrx_word' id='word_1_389' title='bbox 1157 3890 1224 3945; x_wconf 86' lang='lat' dir='ltr'>iliud</span> 
     </span>
     <span class='ocr_line' id='line_1_44' title="bbox 158 3969 1225 4045; baseline -0.003 -18"><span class='ocrx_word' id='word_1_390' title='bbox 158 3987 212 4038; x_wconf 87' lang='lat' dir='ltr'>est;</span> <span class='ocrx_word' id='word_1_391' title='bbox 231 3973 302 4027; x_wconf 86' lang='lat' dir='ltr'>Hinc</span> <span class='ocrx_word' id='word_1_392' title='bbox 317 3974 369 4026; x_wconf 78' lang='lat' dir='ltr'>iiie</span> <span class='ocrx_word' id='word_1_393' title='bbox 386 3974 524 4045; x_wconf 81' lang='lat' dir='ltr'>iacrymas,</span> <span class='ocrx_word' id='word_1_394' title='bbox 544 3972 600 4026; x_wconf 74' lang='lat' dir='ltr'>heo</span> <span class='ocrx_word' id='word_1_395' title='bbox 616 3973 662 4026; x_wconf 88' lang='lat' dir='ltr'>iiia</span> <span class='ocrx_word' id='word_1_396' title='bbox 680 3988 719 4027; x_wconf 86' lang='lat' dir='ltr'>est</span> <span class='ocrx_word' id='word_1_397' title='bbox 737 3971 923 4028; x_wconf 85' lang='lat' dir='ltr'>misericordia.</span> <span class='ocrx_word' id='word_1_398' title='bbox 938 3997 949 4018; x_wconf 79' lang='grc' dir='ltr'>ι</span> <span class='ocrx_word' id='word_1_399' title='bbox 967 3971 1046 4025; x_wconf 84' lang='lat' dir='ltr'>Haud</span> <span class='ocrx_word' id='word_1_400' title='bbox 1062 3969 1225 4026; x_wconf 87' lang='lat' dir='ltr'>dissimiliter</span> 
     </span>
     <span class='ocr_line' id='line_1_45' title="bbox 159 4049 1225 4126; baseline -0.004 -20"><span class='ocrx_word' id='word_1_401' title='bbox 159 4053 234 4124; x_wconf 75' lang='lat' dir='ltr'>Virg.</span> <span class='ocrx_word' id='word_1_402' title='bbox 255 4057 318 4106; x_wconf 79' lang='lat' dir='ltr'>AEu.</span> <span class='ocrx_word' id='word_1_403' title='bbox 333 4054 388 4118; x_wconf 86' lang='lat' dir='ltr'>VI,</span> <span class='ocrx_word' id='word_1_404' title='bbox 410 4055 463 4106; x_wconf 76' lang='lat'>128</span> <span class='ocrx_word' id='word_1_405' title='bbox 482 4071 489 4105; x_wconf 75' lang='grc' dir='ltr'><em>τ</em></span> <span class='ocrx_word' id='word_1_406' title='bbox 509 4051 581 4106; x_wconf 78' lang='lat' dir='ltr'>«Sed</span> <span class='ocrx_word' id='word_1_407' title='bbox 601 4072 724 4106; x_wconf 83' lang='lat' dir='ltr'>revocare</span> <span class='ocrx_word' id='word_1_408' title='bbox 744 4053 856 4126; x_wconf 78' lang='lat' dir='ltr'>gradum</span> <span class='ocrx_word' id='word_1_409' title='bbox 878 4069 1038 4123; x_wconf 83' lang='lat' dir='ltr'>superasque</span> <span class='ocrx_word' id='word_1_410' title='bbox 1059 4049 1171 4104; x_wconf 80' lang='lat' dir='ltr'>evadere</span> <span class='ocrx_word' id='word_1_411' title='bbox 1191 4049 1225 4102; x_wconf 83' lang='lat' dir='ltr'>ad</span> 
     </span>
     <span class='ocr_line' id='line_1_46' title="bbox 160 4131 656 4205; baseline -0.006 -22"><span class='ocrx_word' id='word_1_412' title='bbox 160 4150 249 4194; x_wconf 84' lang='lat' dir='ltr'>auras,</span> <span class='ocrx_word' id='word_1_413' title='bbox 267 4132 327 4185; x_wconf 85' lang='lat' dir='ltr'>Hoc</span> <span class='ocrx_word' id='word_1_414' title='bbox 340 4150 423 4205; x_wconf 77' lang='lat' dir='ltr'>opus,</span> <span class='ocrx_word' id='word_1_415' title='bbox 437 4132 481 4184; x_wconf 91' lang='lat' dir='ltr'>bic</span> <span class='ocrx_word' id='word_1_416' title='bbox 496 4131 572 4185; x_wconf 84' lang='lat' dir='ltr'>labor</span> <span class='ocrx_word' id='word_1_417' title='bbox 585 4145 632 4186; x_wconf 88' lang='lat' dir='ltr'>est.</span> <span class='ocrx_word' id='word_1_418' title='bbox 646 4159 656 4180; x_wconf 72' lang='lat' dir='ltr'>s</span> 
     </span>
    </p>

    <p class='ocr_par' dir='ltr' id='par_1_14' title="bbox 198 4210 727 4282">
     <span class='ocr_line' id='line_1_47' title="bbox 198 4210 727 4282; baseline 0.002 -18"><span class='ocrx_word' id='word_1_419' title='bbox 198 4231 264 4282; x_wconf 85' lang='lat'>7²⁰·</span> <span class='ocrx_word' id='word_1_420' title='bbox 279 4213 343 4265; x_wconf 80' lang='lat' dir='ltr'>Haec</span> <span class='ocrx_word' id='word_1_421' title='bbox 352 4224 433 4282; x_wconf 82' lang='lat' dir='ltr'>porta.</span> <span class='ocrx_word' id='word_1_422' title='bbox 447 4210 528 4265; x_wconf 87' lang='lat' dir='ltr'>Paris.</span> <span class='ocrx_word' id='word_1_423' title='bbox 543 4216 634 4277; x_wconf 64' lang='lat' dir='ltr'>iloni,</span> <span class='ocrx_word' id='word_1_424' title='bbox 647 4213 692 4264; x_wconf 83' lang='lat' dir='ltr'>ltus</span> <span class='ocrx_word' id='word_1_425' title='bbox 700 4233 727 4282; x_wconf 79' lang='lat' dir='ltr'>p.</span> 
     </span>
    </p>
   </div>
   <div class='ocr_carea' id='block_1_3' title="bbox 0 0 1620 5140">
    <p class='ocr_par' dir='ltr' id='par_1_15' title="bbox 0 0 1620 5140">
     <span class='ocr_line' id='line_1_48' title="bbox 0 0 1620 5140; baseline 0 0"><span class='ocrx_word' id='word_1_426' title='bbox 0 0 1620 5140; x_wconf 95' lang='lat' dir='ltr'> </span> 
     </span>
    </p>
   </div>
  </div>
 </body>
</html>
