3118 5138
349 523 404 592 IN
427 523 700 592 TRAGOEDHS
725 524 917 596 SENECAE.
1088 528 1169 598 cxix

144 643 336 732 Anapaestici
352 645 411 732 qui
424 659 603 710 constante
618 645 694 714 solie
707 645 877 734 spondeis,
893 645 1035 714 nimium
1048 649 1168 715 inertes

111 765 189 830 sunt,
205 748 353 838 ideoque
368 748 538 835 alRullino
558 767 718 818 vocantur
732 751 958 833 immnufesti,
984 753 1059 840 quia
1074 754 1110 816 in
1128 755 1167 817 iis

112 855 153 918 vix
168 876 327 918 numerus
346 869 379 917 et
395 875 508 918 versus
526 854 661 944 intelligi
674 872 798 943 potest,
815 872 854 920 ut
865 856 979 920 Cicero
990 858 1050 941 ait3
1065 858 1166 922 immo

111 959 192 1047 phne
213 981 285 1024 non
307 959 508 1050 intelligitur,
525 960 552 1026 si
576 961 659 1042 aliis,
685 984 752 1028 uon
773 963 824 1028 sui
844 962 989 1051 generis,
1008 979 1086 1030 suut
1104 964 1166 1028 im·

112 1066 197 1128 mixti.
216 1065 305 1128 Talis
323 1081 372 1129 est
389 1065 425 1130 in
442 1065 587 1154 OEdipo,

200 1195 257 1248 Nec
270 1194 379 1252 meruli
392 1207 486 1268 centua
499 1197 594 1252 forma.

147 1335 204 1400 Alii
216 1334 287 1402 duo
304 1353 382 1400 sunt
393 1336 426 1400 in
443 1339 698 1427 Agamemnone.
715 1339 807 1401 Tales
823 1337 1003 1426 spondaici,
1019 1343 1165 1429 quamvis

115 1441 179 1506 alim
190 1441 304 1506 itidem
315 1442 441 1531 generis
455 1443 653 1512 carminibus
663 1443 868 1526 inseruntur,
886 1446 1037 1510 tamenin
1050 1468 1163 1512 eorum

115 1547 261 1611 habentur
279 1566 436 1628 numero,
450 1569 526 1611 curn
543 1545 663 1634 quibus
679 1547 844 1628 conjuncti
860 1563 956 1630 sunt,
974 1551 1097 1616 etiamsi
1108 1574 1164 1641 pe·

32 1720 36 1743 ,
116 1651 175 1716 dent
186 1653 279 1716 illurn
294 1653 477 1742 legitimum
494 1652 634 1717 habeant
643 1651 762 1742 quod
774 1670 806 1717 et
819 1669 943 1718 veteres
956 1654 1163 1720 Grammatici

32 1750 36 1761 '
116 1773 313 1841 annotarunt,
331 1773 369 1821 ut
384 1757 524 1822 diximus
541 1757 625 1822 libro
641 1758 692 1823 De
704 1781 739 1822 re
754 1758 883 1822 Poetica
900 1759 1047 1848 septimo.

152 1861 294 1926 lamburn
310 1861 428 1950 pedem
453 1862 519 1925 hoe
547 1884 675 1928 cannen
695 1885 762 1926 non
784 1861 940 1942 admittit3
962 1884 1037 1926 nam
1056 1864 1089 1927 in
1107 1865 1163 1927 illo

32 1968 37 1995 ²
119 1989 211 2050 vasu,

204 2099 287 2154 Arcus
300 2097 393 2152 metuit
406 2098 493 2151 Diana
507 2109 580 2164 tuoe,

120 2249 202 2334 prima
216 2250 250 2313 in
268 2251 402 2315 nomine
421 2247 553 2338 proprio
572 2246 708 2336 figurate
725 2245 932 2334 producitur,
950 2261 988 2310 ut
1006 2262 1039 2310 et
1053 2248 1088 2318 in
1106 2246 1162 2310 illo
1241 2317 1247 2327 ,

122 2353 227 2435 Ovidii,

417 2469 528 2522 Ferrum
536 2465 625 2522 'Diana
635 2467 734 2520 volanti

205 2558 353 2610 Abstulerat
361 2556 462 2630 jaculo.

154 2696 194 2759 lta
208 2697 292 2760 enim
310 2697 345 2766 in
363 2695 487 2782 aliquot
502 2689 727 2783 manuscriptis
750 2691 958 2757 oflenffimus.
978 2691 1083 2756 Habet
1098 2691 1162 2760 boc

31 2824 34 2835 ·
123 2820 229 2864 umen
252 2817 327 2890 post
347 2800 432 2866 duos
455 2799 555 2888 pedes
575 2799 713 2866 incisum
734 2819 742 2864 t
767 2797 888 2886 inquo
912 2795 1031 2886 syllaba
1057 2796 1162 2866 brevis

123 2903 237 2988 produci
253 2922 375 2996 poteat3
390 2920 428 2968 ut
441 2905 476 2967 in
485 2902 633 2980 Troade,

207 3035 249 3090 liin
263 3035 367 3108 pulsata
380 3031 505 3095 Dardana
519 3030 610 3086 Graio.

157 3172 188 3234 lu
207 3172 353 3254 Octavia,

208 3299 308 3354 Polaata
324 3297 393 3352 freta
405 3297 488 3351 fertur
500 3295 528 3348 ln
541 3295 633 3350 altum.

157 3445 313 3511 Interdum
330 3467 398 3510 non
414 3443 451 3508 fit
467 3441 573 3524 elisi03
591 3457 630 3504 ut
645 3440 680 3503 in
698 3439 845 3520 Octavia,

131 3601 137 3616 ·
209 3575 304 3629 Vivere
317 3585 429 3628 matrem
441 3571 554 3644 impius,
571 3570 672 3642 ingena.

156 3713 258 3799 Neque
273 3711 309 3776 fit
325 3710 468 3790 oolliei03
487 3723 525 3772 ut
541 3709 576 3772 in
594 3705 751 3788 iambico„
767 3704 800 3769 iu
814 3705 1086 3792 Agamemnone,

211 3836 308 3892 Priamo
321 3841 515 3909 Agamemnon.

159 3981 192 4042 lu
209 3979 348 4060 Troade,

212 4107 320 4163 Eacidn
334 4103 428 4161 aruris.
