3210 5140
385 514 456 606 ¹94
568 508 627 578 ἸΝ
655 507 938 578 HERCULEM
964 509 1247 578 FURENTEM

373 659 408 695 ne
426 640 471 699 ltic
493 639 619 698 molestus
639 650 666 694 et
686 638 772 712 gravis
793 636 948 692 admittatur
962 638 1044 692 nitor.
1059 637 1134 704 Quid
1154 639 1267 706 mirum,
1288 639 1311 694 si
1333 653 1442 712 propter

375 722 482 774 obortam
496 731 603 784 noctem,
617 719 748 780 Cerberus
761 718 823 770 diem
836 721 935 772 ιἰινὶιιιιιι
949 719 1055 789 expellat
1067 719 1159 782 oculis,
1176 737 1262 791 quum
1278 737 1311 777 er
1325 719 1383 792 ipss
1399 719 1443 780 die

374 819 429 854 nox
442 800 483 853 illi
498 797 656 852 oboriatur?

416 895 482 958 824.
496 892 607 946 lauhun.
623 891 706 946 Peris-
721 891 810 957 dalis,
820 893 906 944 oum.

416 987 484 1042 eos.
500 986 630 1056 Aeaeaeque
642 983 793 1054 retmsteeit.
809 981 927 1034 Botheus
941 979 1016 1034 molit
1026 983 1160 1054 suarumque
1171 1001 1191 1034 r.
1197 982 1281 1052 sterit,
1298 983 1443 1054 qnoniam,

376 1064 534 1137 compressis
549 1063 648 1127 oculis,
663 1079 718 1114 nou
735 1073 775 1115 est
791 1058 865 1134 qnod
879 1061 1012 1114 Cerberum
1028 1061 1111 1114 eciem
1127 1073 1200 1114 retro
1215 1061 1312 1115 flectet.
1326 1062 1361 1115 Id
1376 1063 1442 1116 mihi

376 1145 441 1199 falso
453 1143 554 1197 dictum
569 1159 662 1194 rursus
673 1139 792 1205 videtur,
805 1159 888 1211 quum
900 1140 996 1194 Seneca
1009 1159 1101 1194 omnes
1114 1141 1262 1211 promiscue
1274 1140 1370 1196 modos
1381 1161 1444 1196 oon·

375 1243 467 1295 gerere
488 1223 622 1296 potuerit,
643 1221 740 1293 quihus
761 1233 847 1274 tentat
869 1220 942 1274 conis
963 1220 1068 1292 Stygius
1090 1221 1179 1274 lucem
1200 1217 1349 1287 declinere,
1371 1241 1442 1277 nunc

376 1307 465 1356 lumino
482 1297 543 1354 dous
558 1305 584 1352 iu
599 1314 702 1363 teman,
722 1317 794 1354 nunc
806 1303 958 1371 comprimens
970 1300 1061 1364 mulos,
1080 1319 1152 1354 nunc
1165 1301 1335 1372 nnusteotens
1348 1307 1440 1366 actm,

377 1402 450 1438 nunc
462 1395 548 1436 terrem
558 1393 640 1452 petens
653 1383 750 1432 cervice.

415 1477 483 1530 mo.
499 1471 551 1527 Sul
563 1473 683 1526 Herculeo
696 1484 776 1542 caput,
792 1484 844 1524 etc.
859 1469 958 1524 Beden.
970 1461 1068 1538 (1821)
1080 1471 1211 1543 vulgatam
1224 1485 1324 1532 mutat,
1338 1486 1364 1526 et
1378 1473 1442 1525 Her-

375 1555 454 1608 culeas
468 1553 562 1606 omnbius
572 1552 668 1624 ingerit
678 1569 710 1604 cx
721 1551 893 1616 Florentino,
905 1562 936 1603 ut
948 1551 1083 1622 poeticum
1098 1551 1179 1623 magis
1193 1565 1219 1604 et
1229 1552 1340 1624 Virgilii
1350 1565 1442 1607 aucto-

374 1635 453 1688 ritate
467 1631 702 1694 commendatum,
719 1631 766 1702 qni
782 1633 841 1684 liin.
856 1631 940 1695 vm,
962 1629 1016 1684 538
1036 1651 1075 1681 :··
1085 1631 1174 1696 Quem
1189 1632 1271 1684 multa
1290 1634 1340 1686 sub
1358 1631 1442 1686 undas

375 1715 454 1769 Senta
467 1714 557 1766 virum
575 1713 713 1782 galeasque
729 1723 756 1763 et
767 1711 849 1786 'fortia
864 1728 977 1782 corpore
993 1710 1096 1763 volves!
1109 1737 1121 1758 ι
1140 1709 1192 1764 Sed
1206 1730 1260 1764 non
1276 1712 1334 1766 lero
1349 1713 1442 1765 umbem

375 1795 506 1860 Herculeos
521 1811 571 1865 pro
587 1791 692 1844 umbram
706 1793 811 1862 corporis
823 1791 947 1844 Herculei.

415 1893 481 1953 840.
500 1889 612 1960 Quantus
626 1889 713 1941 Eleum
726 1891 783 1942 ruit.
799 1887 831 1940 In
849 1886 983 1958 plerisque
999 1885 1093 1940 Perias.
1109 1899 1136 1939 ct
1149 1887 1285 1940 nonnuliis
1300 1885 1363 1943 edd.
1378 1902 1440 1943 vett.

375 1973 462 2045 patalis.
484 1971 592 2023 Ascens.
612 1967 718 2040 Gryph.
740 1967 853 2043 Ruphel.
875 1967 1005 2021 Commel.
1028 1967 1106 2020 Grut.
1131 1966 1222 2020 Heins.
1249 1967 1331 2022 Scriv.
1363 1969 1441 2022 Farn.

374 2051 458 2122 Thyn.
473 2062 500 2102 et
512 2049 688 2111 recentiores,
701 2059 818 2120 quantus,
830 2045 905 2118 quod
922 2065 1000 2099 sensu
1015 2058 1127 2118 prestat.
1144 2047 1196 2100 Pro
1211 2051 1269 2110 usit,
1285 2047 1347 2101 edd.
1364 2049 1441 2102 Fern.

374 2129 470 2183 Philnl.
488 2148 551 2182 cum
569 2126 725 2202 quindecim
744 2125 838 2180 Parios.
860 2126 986 2180 exhibent
1003 2129 1087 2188 currit,
1106 2124 1181 2197 quod
1200 2127 1271 2179 salve
1289 2129 1367 2182 metri
1386 2129 1443 2200 lege

374 2209 457 2280 recipi
472 2227 529 2261 non
545 2220 642 2280 potest.
659 2207 692 2260 ln
705 2205 806 2259 Isoerd.
818 2204 906 2278 AEgid.
921 2207 1030 2258 Arcens.
1045 2205 1141 2259 Arent.
1153 2206 1233 2260 Vien.
1248 2205 1354 2279 Gryph.
1372 2207 1442 2260 Petr.

375 2289 479 2342 Fabric.
495 2287 606 2360 Raphel.
621 2286 751 2340 Commel.
767 2285 838 2339 Delr.
853 2285 932 2340 Grnt.
948 2285 1061 2343 scriver.
1079 2285 1158 2338 Ftrn.
1172 2285 1255 2360 Thyn.
1274 2287 1344 2340 etin
1361 2287 1443 2342 Paris.

376 2369 460 2435 8031,
476 2371 537 2431 coit,
556 2364 630 2438 quod
647 2363 760 2437 intelligi
777 2379 805 2419 et
823 2365 927 2418 tolerari
944 2377 1031 2437 queat.
1050 2363 1103 2418 Setl
1120 2365 1249 2419 Commel.
1269 2366 1297 2418 in
1314 2386 1371 2420 uno
1385 2367 1443 2420 MS.

375 2449 494 2520 optimo,
514 2459 542 2500 et
561 2447 640 2500 Grut.
658 2445 687 2498 in
708 2445 818 2516 unoquo
839 2444 990 2499 Coloniensi
1011 2445 1092 2498 scrihi
1111 2450 1159 2497 ruit
1179 2459 1356 2512 monuerunt,
1375 2447 1443 2501 hano

375 2528 513 2581 lectionem
524 2524 598 2579 haud
611 2525 741 2597 espernnti
754 2542 761 2578 :
774 2523 836 2578 inde
847 2525 891 2578 illa
902 2525 930 2578 in
940 2521 1001 2578 edd.
1013 2524 1105 2577 Heius.
1121 2525 1239 2578 Gronov.
1253 2536 1280 2578 et
1288 2539 1443 2579 ceterorum

376 2607 496 2671 munsiit3
509 2624 589 2677 quam
601 2605 737 2677 sequimur
749 2623 874 2676 quoque,
888 2605 915 2657 iu
932 2605 1015 2658 Paris.
1030 2602 1106 2659 8080
1121 2617 1261 2678 repertam.
1274 2605 1349 2658 Nihil
1363 2605 1443 2659 disse·

374 2686 457 2741 ritum
469 2682 504 2738 de
519 2684 618 2738 Badeo.
632 2680 789 2738 emendante
804 2685 831 2737 in
845 2683 1014 2755 specimine:
1031 2684 1145 2750 «Qualis
1161 2685 1223 2738 Elin
1239 2685 1398 2757 commigrat
1409 2684 1443 2739 ad

374 2766 524 2820 Tonantem
535 2791 559 2817 ι.

414 2845 480 2908 sta.
492 2844 565 2897 Hora
577 2846 662 2896 noetis.
674 2843 769 2896 Voluit
782 2841 901 2896 Gronov.
913 2861 945 2897 ex
959 2843 1078 2896 liment.
1090 2843 1227 2914 subrogari
1239 2849 1312 2908 noeti,
1326 2857 1354 2898 et
1363 2845 1441 2897 Both.

375 2925 445 2978 hanc
458 2924 600 2978 lectionem
612 2924 641 2976 iu
657 2935 757 2976 textum
770 2919 883 2976 admisit.
898 2923 972 2976 Nihil
986 2923 1065 2976 Both.
1079 2920 1113 2975 de
1126 2923 1237 2994 vulgatae
1251 2924 1400 2978 mutatione
1415 2925 1442 2976 in

375 3003 449 3059 notis
464 3002 616 3078 disputavit.
630 3001 750 3056 Gronov.
765 3013 854 3055 autem
870 3000 1010 3056 contendit
1022 2993 1127 3054 ¹dictum
1143 3021 1198 3056 esse
1215 3003 1294 3075 longor
1307 3004 1371 3056 redit
1385 3004 1443 3056 laon

377 3087 442 3136 nocti
452 3101 502 3155 pro
513 3083 586 3156 longa
598 3083 660 3136 redit
670 3083 729 3134 Ιιοιιι
740 3085 804 3133 nocti
813 3077 842 3143 (i.
850 3101 873 3136 e.
885 3079 969 3152 nonsit
978 3072 1095 3152 latagior),
1107 3101 1182 3135 more
1192 3084 1335 3148 Veterum,
1346 3083 1444 3156 quihus

377 3176 471 3217 notum
488 3177 528 3217 est
542 3161 615 3218 diem
631 3175 684 3216 tem
698 3161 842 3217 hibernum
857 3179 938 3234 qnam
953 3160 1073 3214 motivum
1091 3174 1117 3214 et
1131 3175 1236 3216 noctem
1254 3175 1306 3216 turn
1327 3165 1443 3218 mutam

378 3261 458 3318 ςιιοιιι
466 3241 606 3298 hibernam
616 3242 697 3298 fuisse
706 3239 848 3299 duodecim
855 3242 982 3295 horarum
991 3260 999 3308 ;
1007 3259 1071 3314 ergo
1078 3239 1168 3294 redire
1178 3242 1344 3314 longts,non
1355 3245 1443 3315 plures

378 3323 457 3376 hores
468 3323 609 3388 noctibus,
621 3341 704 3394 quum
714 3319 849 3375 acceditur
860 3318 893 3374 nd
905 3320 1029 3374 hiemem.
1043 3320 1152 3391 Optime
1162 3321 1219 3376 hec
1230 3323 1322 3378 ultime
1335 3324 1443 3378 Grono-

380 3401 450 3466 viust
464 3399 510 3456 ted
525 3421 581 3455 non
592 3403 654 3456 tetis
664 3402 822 3473 approbavit
835 3402 914 3472 lorge
926 3400 1061 3454 reditium
1074 3405 1140 3454 nocti
1151 3400 1205 3456 dici
1217 3421 1294 3475 posse
1307 3423 1358 3474 pro
1372 3405 1443 3472 longa

380 3481 443 3534 aedit
455 3483 516 3533 lora
531 3485 619 3536 noeti:
636 3481 684 3535 ieta
703 3479 770 3534 mihi
786 3478 892 3537 ridetur
907 3480 1046 3552 hypallage
1060 3480 1214 3538 inusitatior
1230 3493 1256 3548 et
1273 3483 1442 3542 contortior,

380 3579 458 3633 quom
471 3574 502 3614 ut
517 3561 650 3633 vulgatam
663 3572 766 3613 mutare
780 3559 869 3615 velim.
883 3560 994 3612 Retineo
1006 3559 1089 3632 igitur
1100 3579 1162 3612 cnm
1177 3561 1276 3614 Baden.
1290 3561 1372 3632 longae
1384 3562 1445 3614 molt

380 3641 439 3692 lenm
455 3645 544 3704 north,
560 3641 737 3712 interpretans
754 3641 812 3692 horu
829 3641 903 3691 nootc‘s
919 3639 992 3710 quusi
1010 3635 1143 3692 (liceretur
1159 3652 1249 3712 tempus
1265 3647 1358 3706 noctt's,
1375 3642 1443 3695 utin

381 3719 472 3772 Horat.
481 3721 529 3774 lib,
542 3721 596 3783 ΙΙΙ,
611 3717 655 3774 nd.
672 3721 705 3774 13
715 3758 723 3784 ,
734 3738 760 3772 v.
773 3740 789 3790 9
804 3737 810 3773 :
827 3745 838 3766 ι
850 3719 890 3774 Te
900 3717 1034 3790 flagrantis
1045 3732 1121 3772 atrox
1131 3719 1198 3774 hort
1210 3721 1343 3774 Caniculte
1355 3721 1443 3775 Nescit

380 3812 495 3870 tongere.
509 3825 520 3846 ι
536 3798 577 3853 Id.
591 3799 620 3854 in
634 3813 683 3857 ert.
694 3813 767 3872 poet.
783 3799 834 3853 302
849 3816 856 3851 :
874 3825 884 3846 ι
897 3795 952 3852 suh
963 3799 1039 3851 verni
1053 3800 1181 3872 temporis
1192 3799 1295 3853 horam.
1308 3827 1321 3850 s

426 3889 492 3954 848.
511 3892 621 3944 Crescere
636 3903 661 3946 et
673 3911 775 3946 somnos.
791 3893 869 3946 Fern.
885 3889 985 3949 Ιιοιιᾶ.
1000 3890 1087 3963 AEgitl.
1104 3905 1134 3948 ut
1148 3894 1288 3967 Herbipol.
1308 3908 1335 3948 et
1351 3894 1443 3948 Veneti

379 3970 528 4036 Delrionis,
542 3991 645 4026 cretam
657 3975 682 4024 ιἰι
696 3991 798 4028 somnos.

421 4051 486 4114 846.
504 4051 541 4102 Et
552 4053 602 4104 citi.
614 4051 693 4106 Fero.
709 4065 736 4105 et
751 4063 812 4107 octo
824 4049 918 4106 Parios.
930 4053 993 4115 αἰις
1007 4052 1097 4120 8005,
1108 4051 1226 4115 Sc'nlu'ar
1240 4053 1328 4118 8080,
1338 4053 1444 4124 Scytha.

379 4127 440 4182 Nic.
455 4129 580 4184 Heinsius
593 4130 708 4186 malebat
719 4135 803 4192 cociti,
820 4127 930 4186 laudans
941 4149 975 4184 ex
985 4131 1080 4204 Virgil.
1093 4135 1154 4189 AEu.
1170 4133 1221 4198 IV,
1236 4134 1286 4186 3οι
1305 4151 1313 4186 t
1331 4160 1342 4181 ·
1353 4131 1443 4200 Qualis
