3172 5138
390 512 891 581 ANIMADVERSIONES.
1095 509 1168 608 367
1282 549 1284 555 2

148 642 234 692 1086.
262 641 350 690 Lumen
367 651 477 708 ereptum.
502 642 596 694 Araus.
611 640 692 693 Vien.
711 640 816 711 Grypb.
833 640 905 693 Petr.
929 653 956 692 et
973 638 1057 694 noemi
1078 641 1172 710 6395,

104 719 193 778 8025.
209 722 294 781 8026,
309 718 392 787 8037,
408 720 495 780 8263,
510 719 587 771 lumen
597 732 735 790 exemptum.
750 721 790 772 De
807 737 836 771 re
851 717 948 782 subita,
962 731 991 771 ut
1003 731 1075 774 recte
1089 719 1171 774 aduo-

103 798 171 850 tarit
187 797 335 862 Radenius,
348 798 442 850 melius
453 811 556 868 ereptum
571 797 678 852 dicitnr.
961 861 963 866 Ι

148 880 231 933 ιο88.
244 877 275 928 Si
286 881 369 930 miuus.
384 879 493 930 Arcens.
508 889 534 930 et
549 878 652 950 Gryph.
666 881 704 930 sias
718 882 802 930 minus.
820 907 858 917 -
873 877 945 928 Malo
960 879 1000 929 sit.
1013 877 1070 932 MS.
1086 878 1172 940 8035,

103 957 168 1010 mala
184 961 241 1009 sint.

147 1036 232 1104 1089.
255 1035 298 1088 Me
307 1047 376 1104 pete,·
396 1035 493 1087 bisulco
511 1047 562 1089 etc.
579 1035 658 1088 Fero.
675 1049 701 1089 et
715 1034 815 1088 Isoard.
832 1046 925 1088 contra
939 1035 1018 1088 metri
1033 1034 1168 1107 integrita-

101 1128 174 1180 tem,
188 1135 223 1166 me
229 1125 284 1186 pete
296 1115 392 1166 trisulco
406 1117 469 1166 telo:
481 1115 620 1186 flammeam
630 1118 710 1183 facem
724 1127 772 1168 etc.
1146 1171 1149 1177 ,

146 1194 231 1262 1095.
244 1191 368 1246 [mansa.
380 1194 439 1246 Nic.
452 1194 544 1246 Heius.
554 1198 671 1256 immerso,
684 1213 750 1247 vana
761 1196 922 1265 conjectura.
930 1225 969 1236 -—
979 1192 1082 1247 Scelere.
1095 1193 1165 1248 Phil.

99 1285 127 1324 et
141 1291 185 1325 sex
197 1274 292 1326 Pariss.
302 1273 400 1336 secula,
414 1271 486 1343 quod
497 1274 598 1344 respuit
608 1287 732 1328 metrum.
745 1275 851 1327 Asceus.
862 1276 957 1326 Arent.
969 1273 1048 1326 Visn.
1060 1273 1165 1346 Gryph.

100 1353 174 1405 Petr.
189 1353 271 1416 secla,
287 1350 361 1423 quod
370 1351 475 1405 tolerari
490 1365 577 1422 queat.

143 1449 227 1501 ¹097·
245 1431 409 1484 Perdiderant.
425 1432 497 1484 Paris
511 1435 603 1495 8260,
615 1431 767 1504 perdiderim.

143 1529 228 1579 ¹⁰99·
251 1511 336 1562 Reddi.
355 1511 461 1564 Rectius
472 1529 550 1582 quom
566 1511 655 1574 reddo,
676 1509 749 1582 quod
763 1511 888 1566 exhibent
903 1509 978 1564 Mss.
993 1511 1086 1564 Pariss.
1098 1528 1163 1582 qus-

98 1601 162 1642 tuor
175 1602 202 1642 et
218 1588 292 1642 editt.
309 1589 387 1644 Fern.
402 1588 504 1642 Isonrd.
518 1595 614 1643 Arent.
629 1591 710 1642 Vian.
726 1591 832 1661 Grypb.
846 1602 873 1643 et
886 1591 959 1642 Petr.

142 1666 226 1721 1103.
250 1669 319 1736 Quid
323 1677 338 1719 ι’
351 1671 506 1740 conjugales?
521 1669 644 1740 Plerique
657 1669 723 1722 libb.
739 1671 799 1741 qnid
810 1670 969 1740 conjugales?
986 1685 1047 1721 cum
1060 1667 1161 1722 Rotbeo

96 1748 192 1817 putavi
203 1747 332 1800 acriorem
342 1748 455 1801 ironiam
466 1751 523 1802 lore
534 1749 555 1801 si
568 1751 664 1802 Atreus
675 1749 821 1802 sciscitetur
830 1769 862 1802 su
872 1749 1009 1821 Thyestes,
1019 1745 1084 1800 dum
1092 1766 1160 1817 pre·

95 1825 169 1879 sides
188 1825 294 1896 piorum
314 1825 377 1880 deos
397 1840 522 1892 testatur,
541 1828 691 1900 conjugales
709 1828 845 1899 intelliget.
869 1831 991 1880 Attamen
1009 1825 1108 1879 Badeo.
1127 1847 1158 1879 ex

95 1906 156 1958 Nic.
176 1905 277 1958 Heiusii
296 1919 322 1960 et
344 1907 474 1960 Gronorii
489 1905 591 1978 jndicio
607 1907 758 1961 emendavit
775 1909 841 1976 Quin
854 1907 1011 1978 conjugales:
1026 1904 1072 1958 sed
1083 1905 1160 1976 Thy·

93 1998 164 2038 estes
178 1985 205 2037 iu
219 1985 330 2038 deorum
344 2005 455 2039 numero
466 1987 512 2057 qni
527 1987 579 2058 piis
593 1987 732 2058 invigilant
745 1987 895 2058 conjugales
910 1985 973 2039 deos
985 1985 1073 2056 potuit
1085 2003 1158 2038 com·

92 2065 312 2134 plecti.Amoreo
327 2066 409 2136 igitur
423 2066 558 2126 inutilem,
574 2066 657 2118 immo
671 2081 698 2120 et
710 2085 818 2138 pravom
834 2066 1039 2137 castigationem.
1051 2066 1158 2116 -Pen·

92 2156 143 2195 sat.
158 2147 263 2198 ascens.
277 2157 367 2214 penset.

137 2230 219 2287 1104.
238 2224 369 2294 Proerepto.
387 2224 529 2277 Nervosius
541 2222 642 2277 dictum
656 2243 736 2295 quam
751 2222 825 2296 quod
836 2223 959 2276 substitui
974 2223 1078 2274 volebat
1095 2221 1155 2274 Nic.

91 2301 236 2366 Heinsius,
248 2315 374 2374 precepto.

136 2382 216 2435 1105.
244 2385 341 2452 Tangit.
366 2381 409 2435 Sic
426 2382 548 2454 plerique
561 2380 626 2435 libb.
640 2401 690 2434 nec
708 2381 883 2446 mutandum,
899 2379 1020 2453 quamvis
1033 2378 1113 2432 Roth.
1129 2393 1156 2434 et

91 2459 192 2513 Baden.
208 2479 239 2513 er
252 2463 366 2514 Etrusco
380 2459 471 2514 codice
483 2465 553 2531 angit
566 2461 735 2532 scripserint,
751 2473 873 2514 notantes
888 2462 1042 2513 futurorum
1055 2471 1083 2511 et
1095 2477 1155 2531 per-

89 2541 223 2594 fectorum
243 2541 403 2612 subjunctivi
420 2559 544 2612 personas
563 2539 689 2594 secundas
706 2539 845 2612 singularis
857 2539 961 2592 numeri
972 2541 1088 2592 extreme
1100 2539 1153 2610 syl·

88 2621 149 2672 laba
172 2621 250 2690 longe
267 2621 459 2674 enterocelen
476 2621 588 2678 inveniri
606 2640 614 2686 ς
634 2619 749 2691 ideoque
766 2622 885 2682 hauseris,
904 2621 975 2688 angit
994 2635 1049 2670 nou
1069 2629 1154 2670 metro

87 2697 280 2752 contradicere.
297 2700 365 2752 Mihi
379 2700 546 2754 manifestum
558 2712 598 2754 est
607 2699 745 2752 librarium
758 2699 927 2770 quiFlorent.
940 2696 1060 2750 codicem
1068 2714 1151 2752 exara·

87 2779 144 2844 vit,
157 2779 290 2850 vulgatam
300 2798 350 2851 pro
358 2778 482 2850 languida
493 2779 632 2850 respuisse,
644 2791 670 2831 et
680 2782 760 2849 angit,
773 2791 806 2830 ut
816 2779 900 2830 multo
913 2774 1155 2839 ualidius,sccersi-

86 2857 165 2911 risse.
181 2859 264 2912 Attis
275 2870 313 2912 est
323 2858 481 2930 quandoque
490 2860 602 2912 maxima
608 2857 682 2911 verbi
695 2870 791 2927 tangere
801 2868 827 2909 et
835 2875 885 2928 pro
895 2856 1042 2907 vehemeter
1052 2873 1152 2906 commc-

86 2959 155 3000 «ere,
163 2938 305 3008 perturbare
315 2951 469 3010 usurpatur.
482 2933 564 2991 ovid.
576 2936 610 2990 de
621 2943 678 2990 Art.
692 2956 741 2989 am.
751 2937 807 3002 111,
823 2937 894 2998 541:
910 2935 978 2988 sNec
988 2954 1030 2986 nor
1043 2932 1150 2995 ambitio,

84 3038 130 3069 nec
145 3037 215 3069 amor
229 3037 272 3070 nos
288 3021 369 3088 tangit
382 3017 493 3070 labendi.
505 3043 516 3064 ι
526 3017 617 3069 Vsler.
630 3017 716 3069 Flacc.
729 3017 811 3080 VIII,
832 3017 887 3084 198
900 3033 907 3066 ε
922 3039 934 3062 ι
946 3026 971 3064 et
985 3025 1021 3076 te,
1036 3011 1153 3082 fidissime

83 3111 176 3160 rector,
191 3097 271 3150 Haud
281 3102 343 3150 cani
356 3101 453 3167 tetigere
464 3109 545 3149 metus.
556 3121 567 3142 ι
584 3094 653 3150 Αᾶἆ.
664 3095 753 3148 Nocte.
767 3095 893 3148 Pboeniss.
906 3113 931 3146 v.
948 3094 1013 3146 301.
