3090 5142
338 565 371 660 ιη
639 567 702 636 ns
728 566 894 638 annno
918 567 1093 636 sanast

337 685 577 752 distribuamus.
593 685 827 752 Dissimilitudo
840 703 948 752 autem
966 687 1162 774 ista·(quam
1175 702 1261 751 certe
1273 711 1342 752 non
1357 691 1402 754 sic
1539 737 1540 768 2

336 792 437 880 accipi
449 790 580 873 volunt,
592 792 869 880 quemadmodum
887 815 916 858 v.
932 816 959 858 c.
976 792 1096 880 Satyris
1112 792 1207 856 etiam
1220 793 1403 858 Horatianis
1539 851 1540 876 ζ

338 919 395 962 seu
414 897 613 962 orationihus
636 897 732 962 Tullii
749 921 817 961 non
840 896 927 962 idem
945 897 1085 986 pretium
1104 898 1298 987 statuitur),
1323 899 1402 962 mihi

338 1000 468 1091 quidem
493 1016 661 1090 tantopere
681 1003 784 1068 aliena
803 1025 871 1068 esse
888 1001 1018 1067 videtur
1037 1002 1077 1067 ab
1098 1000 1150 1066 his
1173 995 1205 1066 X
1223 1002 1402 1092 tragoediis,

337 1123 390 1188 ut,
407 1107 434 1170 si
450 1107 500 1170 vel
516 1107 650 1198 singulm
665 1108 701 1180 in
718 1108 912 1173 membranis
929 1107 1062 1188 diuersis
1078 1108 1289 1190 obvenerint,
1305 1131 1404 1174 ausus

337 1233 439 1276 essem
456 1234 569 1277 omnes
584 1211 688 1278 eidem
708 1215 834 1278 auctori
850 1212 1034 1304 adjungere.
1050 1211 1140 1278 Vidit
1154 1214 1218 1278 boc
1237 1214 1404 1297 Sulzerus‚

337 1313 482 1400 atinde,
500 1319 529 1380 si
551 1317 628 1382 velr's
651 1317 746 1400 dicit,
764 1341 830 1382 non
857 1319 1000 1400 Seneca,
1026 1317 1082 1383 sed
1109 1319 1303 1384 Senecarum
1326 1336 1406 1382 sunt

337 1422 405 1487 istae
429 1423 560 1507 fabular,
583 1425 635 1489 cui
656 1441 688 1490 et
708 1424 823 1490 lacobs
841 1426 1015 1490 assentitur
1030 1424 1136 1491 verbis
1155 1447 1163 1490 ε
1185 1425 1235 1488 Es
1249 1425 1408 1490 densabat

337 1528 485 1624 insallen
518 1529 624 1594 diesen
658 1529 894 1620 Trauarspielen
923 1532 993 1595 eine
1026 1527 1318 1617 Gleiclfiirmrglreit
1349 1529 1408 1593 der

339 1633 476 1716 Manier,
494 1635 607 1730 welche
622 1659 680 1700 utra
695 1621 880 1719 aarum,
895 1634 1052 1702 disselben
1068 1635 1119 1700 alt
1134 1635 1194 1700 das
1212 1636 1261 1700 W
1256 1635 1311 1699 erle
1324 1641 1407 1699 eines

340 1743 484 1828 eiazigeu
499 1741 738 1827 Scdrfistellers
763 1741 1011 1830 attzuseltentr).
1038 1740 1135 1830 (vid.
1153 1739 1340 1828 Naclrtrti'ge
1365 1763 1407 1804 zu

342 1843 469 1910 Sulzers
490 1846 617 1935 allgem.
641 1848 773 1912 Theon'e
797 1847 855 1938 der
874 1847 941 1913 solt.
967 1847 1013 1912 K.
1040 1849 1075 1912 B.
1097 1851 1134 1928 4,
1157 1869 1182 1911 s.
1210 1845 1308 1932 343.)
1335 1845 1407 1911 Nec

342 1968 487 2017 veterum
517 1956 689 2042 quisquam
717 1953 757 2019 de
783 1977 823 2018 eo
848 1954 1011 2020 dubitasse
1039 1953 1185 2034 videtur,
1212 1954 1291 2041 quin
1319 1973 1408 2015 unus

342 2073 436 2144 poeta
466 2060 606 2149 magicus
636 2061 736 2126 totius
763 2061 871 2149 operis
901 2077 1015 2124 auctor
1046 2060 1087 2124 sit
1117 2057 1296 2123 habendus.
1332 2058 1408 2144 lpse

341 2163 578 2246 Quintilianus,
606 2163 686 2229 dum
711 2164 859 2230 Medeam
887 2166 1016 2230 Seneca
1041 2166 1173 2253 allegat,
1200 2185 1273 2254 quae
1301 2185 1343 2226 ne
1371 2162 1405 2224 in

339 2269 533 2334 membranis
559 2270 691 2359 quidem
721 2271 864 2359 primum
892 2273 1001 2336 locum
1030 2270 1171 2352 obtinet,
1200 2267 1346 2356 quamvis
1372 2283 1406 2330 et

322 2374 536 2461 'praeferenda
551 2376 685 2442 forsitan
701 2378 822 2441 caeteris
835 2393 868 2440 et
879 2378 1023 2467 primum
1037 2377 1155 2464 scripta
1166 2373 1323 2454 rideatur,
1337 2393 1404 2434 non

340 2479 440 2546 modo
456 2504 524 2546 non
540 2482 716 2564 dubitavit,
734 2482 775 2548 de
786 2483 935 2571 pluribus
951 2481 1095 2564 ejusdem
1110 2497 1213 2570 poetae
1227 2478 1408 2569 tragoediis,

342 2585 398 2650 sed
429 2611 480 2652 eas
506 2609 639 2678 quoque
667 2612 762 2654 nosse
789 2589 926 2655 videtur.
953 2589 1015 2653 'Alii
1045 2611 1124 2653 vero
1154 2585 1351 2676 grammatici
1376 2599 1410 2648 et

341 2691 517 2757 scholiastae
536 2693 634 2759 ruodo
650 2694 817 2760 Hecubam
837 2695 908 2782 (seu
919 2693 1077 2780 Troades)
1089 2741 1098 2775 ,
1111 2695 1408 2782 Agamemnonem,

343 2797 574 2887 Hippolytum,
593 2799 692 2865 modo
710 2801 883 2866 Herculem
901 2801 1082 2881 furentem,
1098 2799 1271 2886 'ibyestem
1288 2811 1321 2858 et
1333 2794 1410 2858 reli·

342 2926 420 2991 quas
434 2904 501 2968 fere
513 2927 626 2970 omnes
639 2906 759 2994 passim
773 2907 834 2971 sub
848 2907 982 2970 nomine
996 2907 1125 2970 Senecae
1139 2904 1205 2968 sive
1214 2903 1410 2989 allegarunt,

342 3009 407 3072 sive
441 3009 579 3100 integras
614 3012 709 3076 etiam
740 3011 938 3076 illustravere
971 3009 1204 3075 commentario
1238 3021 1409 3094 perpetuo.

343 3114 437 3178 Plura
453 3115 575 3180 babent
591 3117 718 3181 Delrius
737 3132 770 3182 et
787 3117 953 3181 Ernestius
970 3115 1002 3180 ll.
1022 3138 1069 3180 cc.
1088 3114 1145 3178 llle
1162 3111 1292 3199 quidem
1312 3125 1410 3199 negat

343 3221 437 3284 etiam
456 3221 489 3284 in
508 3221 575 3286 ullo
595 3220 706 3286 codice
723 3237 889 3287 auctorem
910 3220 1027 3285 barum
1046 3219 1232 3283 fabularum-
1248 3216 1411 3281 nominari

343 3325 388 3389 Μ.
409 3329 494 3390 Ann.
511 3326 684 3408 Senecam,
705 3343 803 3416 atque
821 3325 855 3389 in
879 3325 1033 3389 omnibus
1048 3324 1184 3389 Lucium
1202 3321 1266 3385 dici
1284 3319 1411 3409 simpli·

344 3432 422 3496 citer
441 3429 587 3496 affirmat.
613 3430 748 3496 Sidonio
770 3448 879 3497 autem
907 3431 1103 3520 Apollinari,
1126 3429 1295 3516 Theologo
1312 3441 1413 3514 atque

344 3535 506 3624 Episcopo
523 3535 775 3601 Claromontano
793 3560 822 3600 a.
843 3540 925 3623 472,
947 3535 1067 3624 nullam
1087 3532 1183 3597 iidem
1200 3531 1310 3595 baberi
1326 3529 1412 3611 vult,

345 3640 501 3704 hocloco
527 3643 683 3722 maxime,
708 3643 767 3706 ubi
787 3642 909 3705 bellum
929 3641 1021 3704 civile
1043 3639 1175 3704 Caesaris
1198 3655 1231 3701 et
1249 3635 1414 3723 Pompeii,

346 3744 437 3833 quod
469 3747 618 3811 Lucanus
654 3749 689 3812 in
719 3748 908 3812 Pharsalicis
946 3747 1012 3811 suis
1043 3745 1175 3825 recinit,
1209 3742 1414 3806 Gallicanam

343 3873 491 3938 pugnam
513 3869 615 3916 vocet
642 3851 792 3917 Profecto
816 3853 843 3916 is
868 3853 1063 3917 omniafere
1084 3849 1234 3938 ambigue
1257 3846 1353 3927 dixit,
1376 3861 1416 3909 ut

378 4091 417 4154 (ι)
435 4075 502 4152 Qua
512 4088 664 4158 germanice
678 4090 783 4160 scripsit
796 4089 904 4142 laoobs.
924 4087 1001 4148 vide,
1017 4088 1039 4139 si
1059 4087 1143 4157 placet
1157 4127 1163 4145 ,
1187 4086 1213 4135 in
1230 4084 1340 4134 latinum
1357 4100 1414 4132 ser-

345 4191 449 4226 monem
461 4193 603 4241 contem,
621 4177 668 4228 inf.
679 4195 705 4247 p.
716 4177 770 4248 lvij.
794 4177 818 4228 J.
831 4177 859 4228 Ρ.
