3210 5140
349 531 636 599 auscultes
663 528 881 598 suanus.
910 533 1019 601 ter.
1047 536 1089 601 v.
1181 537 1245 619 tm

237 663 360 734 Saltem
376 677 514 756 nepotes
531 689 538 729 :
557 662 701 756 stelliger
718 661 861 731 mundus
879 678 989 749 sonet,

239 769 465 862 Flammasquc
482 783 515 836 et
531 768 585 837 hic
600 783 634 838 et
649 767 702 837 ille
713 767 878 862 jaculetur
892 768 988 863 polus
1003 797 1010 836 ι
1201 803 1251 841 „m

238 879 352 972 Rupes
368 874 652 970 ligatumaCaspiae
667 899 788 970 corpus
807 875 958 962 trahant,

239 985 347 1076 Atque
369 981 437 1051 ales
455 980 559 1049 avida.
580 983 651 1052 Cur
668 981 857 1050 Promethei
877 998 996 1051 vacant

240 1086 399 1183 Scopuli?
414 1100 552 1182 paretur
573 1090 697 1156 vertice
714 1089 876 1157 immenso
894 1087 980 1158 feras

240 1193 470 1287 Volucresque
489 1217 628 1288 pascens
647 1196 784 1264 Caucasi
806 1193 985 1289 abruptum
1009 1194 1112 1282 latus,

240 1301 443 1394 Nudumque
465 1298 562 1368 silvis.
582 1299 660 1385 Illa,
679 1324 752 1394 quae
772 1314 912 1393 pontum
931 1300 1077 1394 Scythen

206 1439 212 1452 ·
240 1405 434 1502 Symplegas
452 1419 577 1488 arctat,
595 1405 673 1475 hino
691 1420 724 1474 et
739 1406 817 1475 hinc
833 1407 960 1476 vinctas
978 1431 1095 1476 manus

189 1635 256 1700 mei,
271 1633 320 1687 lilii
337 1635 392 1700 tui,
408 1653 423 1686 a
439 1645 529 1686 mente
544 1634 699 1696 abalienati,
745 1633 934 1704 Vid.AEschyl.
944 1636 1127 1690 Prometh-a
1137 1641 1252 1696 Trahunt.

190 1727 215 1767 et
239 1726 368 1786 nepotum
393 1726 499 1767 tuorum
521 1732 536 1765 a
557 1733 600 1766 me
616 1713 700 1767 inter·
744 1713 886 1769 Crucietur
905 1728 933 1768 et
953 1713 1116 1770 distrahatur
1136 1737 1253 1792 corpus,

190 1794 337 1860 lectorum
355 1794 412 1860 vel,
433 1793 588 1847 obliviscere
605 1811 648 1846 me
667 1795 700 1846 tt·
744 1793 807 1846 hinc
837 1794 1034 1865 constringente
1069 1810 1096 1851 et
1124 1800 1256 1856 retinente

189 1875 253 1926 lium
270 1891 327 1926 esse
342 1886 428 1927 tuum.
443 1899 455 1920 ι
474 1873 553 1926 Hunc
570 1873 701 1944 posterio-
744 1891 825 1937 saxo,
843 1873 918 1928 illinc
935 1889 1060 1946 carpente
1079 1890 1106 1930 et
1126 1881 1255 1935 evellente

190 1973 245 2006 rent
256 1973 363 2008 sensum
371 1954 506 2024 elegerunt
517 1953 633 2025 interpp.
642 1952 702 2006 Gal·
743 1952 856 2006 volumi.

191 2033 250 2086 lici:
265 2034 369 2086 Oubliez
381 2054 426 2106 que
437 2053 499 2084 vous
510 2041 557 2084 etet
567 2052 620 2084 mon
626 2037 700 2102 pere,
788 2050 869 2102 1²⁰7·
892 2035 952 2086 Ales
971 2036 1051 2089 avida.
1069 2037 1187 2105 Vultur,
1207 2041 1254 2113 qni

191 2126 239 2166 etc.
254 2115 354 2167 Contra
367 2113 433 2166 mihi
444 2111 550 2164 videtur
562 2113 653 2164 locum
664 2111 702 2166 sic
744 2130 882 2166 renascens
890 2113 1043 2168 Promethei
1050 2119 1125 2187 jecur
1133 2117 1256 2190 depasce·

190 2192 276 2265 accipi
287 2211 345 2246 non
354 2211 446 2264 posse,
456 2192 521 2265 quin
535 2189 702 2245 desideretur
744 2193 831 2246 batur.
839 2222 879 2234 -
887 2192 939 2246 Cur
946 2195 1083 2248 Promethei
1090 2212 1195 2264 erucam,
1204 2213 1254 2255 etc.

191 2272 278 2325 oblitus
293 2277 391 2336 nostri,
413 2271 485 2326 unde
501 2284 627 2343 appareat
646 2272 702 2326 brec
744 2272 918 2326 Prometheus
933 2292 1039 2345 ponam
1054 2295 1103 2347 per
1125 2297 1255 2334 annorum

191 2350 224 2406 ad
235 2353 348 2406 verbum
359 2365 416 2404 tono
425 2350 564 2405 referenda
575 2369 581 2404 :
596 2350 642 2404 sed
653 2370 703 2405 nec
718 2385 724 2396 ·
746 2351 856 2422 triginta
866 2353 948 2406 millia
959 2355 1114 2426 perlaturus
1124 2371 1195 2426 erat,
1204 2361 1255 2414 nisi

191 2433 307 2503 patiatur
331 2432 410 2485 metri
437 2431 598 2503 compositio
623 2430 702 2503 quid·
746 2450 816 2485 anno
833 2431 968 2504 trigesimo
982 2436 1015 2488 ab
1027 2435 1145 2490 Hercule
1160 2439 1257 2495 libera·

192 2531 270 2583 quam
279 2511 449 2578 mutari,nec
460 2510 494 2564 ad
501 2509 704 2582 intelligendum
747 2524 789 2564 tus
803 2511 903 2566 luisset.

192 2593 281 2645 locum
308 2592 364 2644 ulla
388 2591 535 2645 mutatione
557 2610 624 2662 opus
647 2591 702 2657 sit;
788 2595 870 2646 1a08.
899 2587 1012 2648 Paretur.
1038 2597 1070 2648 In
1094 2599 1255 2670 supplicium

192 2671 280 2742 priori·
297 2671 388 2725 senem
412 2669 618 2736 adhaerendum,
638 2689 704 2742 qua·
747 2690 844 2725 meum.

193 2752 245 2803 lem
256 2751 381 2823 exposuit
391 2751 553 2816 Farnabius,
565 2751 617 2803 nisi
628 2749 705 2822 quod
791 2770 872 2805 raro.
889 2754 992 2806 Pontum
1008 2745 1258 2828 ScythemPontom

194 2835 268 2884 nostri
281 2850 337 2884 non
352 2849 404 2901 pro
419 2835 503 2883 meiat
521 2843 631 2902 nepotum
651 2844 704 2883 tuo·
747 2829 919 2903 Scythicum,
937 2834 956 2887 i.
975 2853 998 2888 e.
1015 2835 1172 2900 Euxinum
1193 2839 1258 2911 Scy-

194 2931 261 2972 rwn,
277 2909 324 2964 sed
336 2907 523 2964 tantummodo
536 2928 587 2981 pro
603 2914 661 2975 mei,
675 2922 706 2964 ut
748 2911 806 2964 thes
822 2912 849 2964 in
861 2913 960 2966 Nostro
972 2934 1028 2967 non
1039 2917 1120 2968 semel
1130 2915 1258 2989 adjective

195 3009 262 3064 saepe
281 2989 329 3055 fit,
346 2991 467 3044 habeam.
488 2991 552 3043 Haec
574 2991 705 3063 interpre·
748 3004 902 3062 usurpatur.
929 2993 1010 3066 Hipp.
1036 2998 1120 3063 906:
1145 3022 1157 3043 ι
1178 2998 1258 3052 Hunc

195 3071 260 3123 tatio
275 3071 372 3124 melius
384 3083 513 3124 consonat
523 3088 585 3123 cum
597 3089 706 3142 sequen·
749 3070 830 3125 Graia
845 3072 924 3126 tellus
936 3074 1021 3138 aluit,
1036 3093 1069 3126 an
1087 3087 1176 3128 taurus
1192 3077 1258 3150 Scy·

196 3150 268 3203 tibus
285 3150 376 3203 Saltem
392 3150 492 3203 vindica
508 3168 515 3202 :
534 3175 545 3197 ι
558 3148 583 3201 0
598 3150 707 3204 celestia
749 3151 826 3216 thes,
846 3153 996 3206 Colchusre
1013 3153 1125 3206 Phasis?
1138 3181 1149 3201 ι
1166 3155 1259 3226 Seytlm

195 3233 315 3300 genitor,
333 3229 356 3283 si
376 3231 429 3282 mei
449 3229 548 3283 oblitus
570 3246 615 3293 es,
632 3229 707 3302 quod
749 3235 856 3301 quoque
869 3242 895 3284 et
906 3231 1203 3304 Scythoeadjectivorum
1213 3257 1260 3291 no·
1315 3285 1316 3288 ,

196 3310 287 3363 furore
307 3322 334 3362 et
349 3310 447 3363 scelere
461 3327 522 3362 meo
537 3309 600 3362 satis
613 3329 705 3382 super·
750 3310 856 3362 minum
875 3328 951 3364 more
968 3310 1112 3382 aliquando
1128 3314 1156 3366 in
1174 3318 1259 3387 poetis

197 3408 249 3460 que
274 3390 410 3461 arguitur,
435 3401 462 3442 at
485 3389 575 3442 saltem
595 3403 706 3462 nepotes
751 3387 1191 3461 adhibitareperiss.lllartial.1V,
1209 3399 1258 3450 28:

197 3482 257 3522 tuos
269 3469 382 3523 fulmine
394 3471 541 3534 ulciscere,
557 3481 607 3522 etc.
624 3495 635 3516 ι
755 3495 766 3517 ι
781 3467 863 3522 Indos
873 3468 1063 3543 sardonychas,
1075 3471 1185 3544 Scythas
1196 3495 1262 3530 sma-

240 3556 322 3613 ¹²04·
335 3549 442 3602 Mundae
451 3562 526 3603 sonet.
539 3549 639 3602 Caelum
649 3567 708 3620 per·
752 3547 856 3620 ragdos.
873 3577 884 3597 ·
909 3551 974 3604 Stat.
993 3551 1079 3604 Theb.
1104 3553 1159 3619 XI,
1183 3557 1258 3627 4372

198 3633 301 3682 cussum
314 3629 428 3683 fulmine
440 3630 553 3682 intonet.
757 3629 872 3694 ·Qunm
895 3629 994 3700 Scytha
1018 3633 1134 3686 curvatis
1157 3648 1261 3690 erectus

240 3707 320 3761 1205.
338 3709 374 3760 Et
389 3711 427 3760 tte
442 3721 466 3760 et
480 3709 528 3762 ille.
544 3708 668 3762 Arcticua
683 3721 710 3762 et
753 3708 878 3762 fluctibus
892 3728 1010 3781 unquam
1022 3710 1132 3766 Pontus.
1147 3741 1159 3762 ι

196 3789 373 3842 Antaroticus.
797 3789 1035 3863 sarnSmnplegos
1044 3804 1129 3844 arctat.
1141 3793 1262 3867 Sympte.

241 3873 322 3922 Ποῦ.
339 3869 456 3939 Rupes...
475 3867 579 3938 Caspio.
598 3867 710 3921 Caucasi
753 3867 887 3940 gadesseu
902 3871 1116 3943 Cyaoeaeinsulse
1130 3888 1191 3928 sunt
1203 3875 1263 3928 dom

195 3949 273 4019 juga,
286 3948 353 4000 mari
366 3947 463 4020 Caspio
472 3949 571 4000 vicina.
582 3947 710 4001 Hercules
754 3968 834 4018 rupes
845 3950 873 4002 in
885 3948 958 4002 aditu
967 3951 1046 4004 Ponti
1056 3953 1168 4017 Euxini,
1182 3955 1262 4008 altera

197 4047 225 4079 se
250 4028 394 4099 profitetur
416 4025 528 4097 dignum
556 4027 709 4081 Promethei
753 4029 1050 4100 Europae,alteraelsiae
1060 4034 1189 4102 proxima.
1200 4036 1263 4088 Fin-

197 4107 346 4178 supplicio,
365 4126 444 4178 quern
462 4109 615 4170 Vulcanus,
635 4107 709 4160 Jovis
753 4111 973 4164 xeruntVeteres
987 4130 1030 4165 eas
1043 4131 1098 4164 esse
1112 4115 1222 4166 mobiles
1237 4129 1264 4166 et

197 4189 404 4257 jussu‚summo
414 4187 531 4240 Caucaso
540 4186 708 4258 adligaverat.
754 4189 825 4241 coire
849 4189 943 4262 sepius
969 4211 1113 4263 rumusque
1133 4192 1264 4265 disjungi5

240 4286 252 4319 v
