3172 5138
439 521 942 608 ANIMADVERSIONES.
1142 537 1217 626 345

160 664 271 732 hujusce
283 659 356 716 modi
369 663 567 734 compositionis
579 667 797 739 significationem
808 667 939 732 retinere,
952 677 978 718 et
990 681 1041 735 pro
1052 677 1107 718 ante
1115 685 1216 720 wmmo·

163 764 214 796 cere
233 741 365 797 adhiberi.
384 743 535 798 Gronovius
553 747 690 802 contendit
706 747 761 801 dici
779 763 1073 818 posaeprreccmmovere,
1092 759 1125 800 ut
1143 747 1216 818 apud

162 821 290 876 ovidium
299 841 494 892 proecorrsrcrrere,
505 839 712 895 proecoatrectare,
722 827 902 898 praedelesaare.
914 823 967 878 Sed
978 824 1007 878 in
1018 823 1097 878 Ovid.
1107 826 1216 880 Metam.

163 903 236 964 vn,
255 903 327 967 888,
337 921 522 974 praecessurum
535 923 586 975 pro
597 919 653 959 certe
663 926 805 969 consumere,
819 918 861 971 et,
873 916 904 958 ut
919 903 956 958 ait
970 903 1146 970 Forcellious,
1160 925 1217 958 corr-

162 1001 256 1034 ιιιιιιιιιι
265 986 347 1036 crusti
357 982 479 1052 iltempo:
490 983 604 1038 :Utilius
616 987 717 1040 bellurn
732 997 808 1057 putat
820 1003 875 1038 esse
886 983 998 1051 minari,
1011 984 1096 1050 Quam
1111 1001 1218 1055 gerere,

164 1073 244 1133 etque
255 1079 313 1131 suas
325 1060 363 1114 ibi
374 1079 583 1132 praeconsumere
593 1065 689 1119 vires·
700 1067 769 1120 Item
777 1064 889 1118 sumitur
897 1075 1094 1134 precontrectcre
1102 1081 1152 1134 pro
1161 1077 1217 1116 onte

164 1151 318 1196 merneram.
330 1139 439 1194 Metam.
450 1143 506 1208 VI,
523 1145 599 1213 478:
617 1169 628 1192 ι
646 1145 753 1215 Spectat
769 1161 825 1198 eaor
839 1144 955 1210 Tereos,
965 1154 1218 1214 pracontrectatque

164 1217 290 1272 videndo.
305 1245 316 1268 ι
330 1222 399 1274 Item
408 1222 580 1290 praedelassat-e
590 1241 640 1293 pro
650 1237 707 1277 cote
719 1224 846 1276 uocas.
861 1223 969 1276 Molem.
983 1223 1039 1286 xl,
1054 1224 1111 1293 728
1124 1239 1131 1275 :
1144 1221 1217 1276 tdd·

161 1299 232 1368 jacet
245 1295 328 1352 undis
339 1300 417 1354 Facta
431 1319 510 1353 manu
521 1302 620 1369 moles,
631 1321 690 1374 ques
702 1303 800 1376 priores
813 1302 924 1372 equoris
937 1301 990 1354 iras
1003 1301 1123 1372 Frangit,
1137 1313 1164 1353 et
1176 1301 1217 1355 in-

163 1395 258 1431 cursus
275 1397 334 1449 quc
354 1377 518 1450 prndelassat
533 1398 670 1452 equarum.
684 1408 695 1430 ι
715 1381 800 1435 Porro
815 1381 837 1434 si
851 1380 1077 1451 pracommocebwrt
1094 1399 1144 1453 pto
1163 1393 1219 1432 ante

164 1457 287 1510 muchart
303 1458 432 1528 accipies,
449 1459 493 1512 vix
511 1460 601 1514 locum
618 1462 762 1532 intelligas;
778 1462 814 1514 ita
831 1473 862 1513 ut
880 1459 1045 1513 Forcellinus
1062 1459 1220 1530 explicuerit

164 1551 274 1606 quoque
283 1537 357 1588 wolde
369 1537 551 1602 commovebunt,
564 1552 591 1593 et
600 1542 733 1594 monuerit
745 1541 820 1594 aliter
830 1558 845 1592 a
859 1539 950 1592 multis
959 1539 1021 1609 legi.
1035 1528 1064 1592 3⁰
1076 1539 1104 1592 si
1114 1556 1218 1592 ιειιιιιιιι

163 1614 303 1684 respicias,
315 1615 384 1668 nihil
398 1617 494 1671 melius
507 1618 593 1689 prisca
603 1620 736 1674 lectione:
755 1620 801 1672 «Si
813 1619 893 1672 nimis
908 1617 990 1671 durus
1006 1636 1096 1688 preces
1110 1631 1219 1690 spernet

164 1693 309 1766 Thyestes,
325 1713 416 1766 preces
430 1697 528 1752 liberos
542 1699 598 1769 ejus
610 1699 763 1752 movebunt.
777 1723 788 1744 ι
808 1698 876 1762 Quis
890 1717 945 1750 non
959 1695 1047 1750 videat
1059 1715 1146 1768 neque
1160 1714 1219 1750 ore·

164 1772 264 1825 tionem
278 1792 396 1828 mancam
407 1792 474 1834 esse,
489 1788 519 1828 ut
532 1776 671 1830 contendit
683 1777 806 1848 Scaliger,
816 1795 904 1848 neque
917 1775 1013 1828 lrrutra
1024 1777 1162 1848 repetitam
1172 1795 1219 1830 vo·

164 1870 222 1905 cem
230 1871 321 1922 preces,
334 1866 365 1907 ut
375 1854 477 1908 censuit
488 1854 633 1923 Gruterus,
646 1855 691 1910 eed
703 1858 731 1909 in
741 1857 791 1910 hac
803 1856 941 1909 iteratione
953 1868 979 1908 et
991 1857 1117 1926 majorem
1127 1855 1182 1909 vim
1193 1867 1219 1924 et

164 1934 290 2001 majorem
304 1933 457 2004 elegantiam
471 1935 573 1988 inme?
585 1925 614 1999 4⁰
626 1936 763 2008 Denique,
773 1955 854 2008 preces
870 1935 1058 1988 movebunt'non
1074 1947 1175 1988 tautum
1190 1935 1218 1986 in

163 2010 186 2062 F
186 2029 245 2063 ern.
258 2011 357 2065 lsoord.
372 2012 461 2084 AEgid.
475 2016 582 2067 decens.
596 2017 690 2069 Arent.
701 2015 780 2069 Viau.
793 2014 897 2085 Gryph.
909 2015 981 2066 Petr.
994 2012 1096 2067 Fabric.
1108 2013 1218 2084 Raphel.

164 2089 294 2144 Commel.
310 2090 383 2145 Delr.
399 2092 491 2147 Heius.
505 2093 590 2147 Scrlv.
605 2094 683 2148 Fero.
699 2095 783 2165 Thys.
796 2093 843 2148 sed
862 2094 891 2146 in
905 2094 985 2146 Paris.
998 2092 1058 2146 cod.
1074 2095 1147 2146 8262
1157 2130 1165 2159 ,
1175 2091 1219 2144 cui

164 2165 228 2222 eddi
241 2183 352 2240 possum
367 2174 442 2225 8026
456 2185 483 2225 et
497 2173 572 2227 8030
584 2172 613 2225 in
626 2173 725 2245 quibus
732 2193 802 2246 prece
813 2173 943 2236 mcvebrcrt,
959 2173 1033 2228 803⁵
1048 2172 1076 2224 in
1088 2191 1141 2243 quo
1151 2191 1221 2241 prece

165 2249 299 2314 maluae
316 2254 391 2319 8029
407 2264 433 2303 et
450 2251 540 2317 8034,
555 2252 584 2304 iu
598 2253 695 2324 quibos
706 2273 776 2324 prece
791 2253 972 2314 connectebant,
990 2263 1017 2304 et
1029 2252 1108 2304 etiam
1125 2249 1221 2312 8055,

164 2327 193 2380 in
207 2345 261 2400 quc
273 2333 351 2399 pretio
367 2330 496 2383 macedum.

206 2407 269 2461 303.
292 2409 359 2460 Hine
379 2409 452 2462 ᾰιιπιι
474 2409 551 2464 labor.
571 2413 612 2465 De
630 2412 710 2466 Both.
729 2413 878 2482 conjectura
899 2409 955 2464 rid.
974 2422 1030 2464 not.
1050 2405 1084 2463 sd
1104 2428 1130 2462 ι.
1153 2408 1223 2475 303,

165 2503 192 2556 p.
216 2486 281 2550 043.

208 2567 270 2629 304.
286 2565 403 2636 seligere
419 2572 508 2622 οὶιιιιιι.
522 2569 605 2622 Paris.
620 2571 705 2639 8029,
716 2572 807 2637 ferient
820 2573 907 2624 cirum.

207 2645 271 2700 308.
287 2645 390 2700 Consilii
402 2650 484 2700 ιιὶιιὶι.
497 2648 549 2701 Pro
563 2649 649 2702 comui
658 2652 741 2713 tristis,
754 2662 785 2702 ut
795 2663 882 2702 metro
893 2647 1008 2703 satisfiat.
1023 2647 1146 2718 Plerique
1157 2659 1222 2700 vett.

167 2721 296 2791 editores,
314 2726 392 2781 Fern.
410 2726 510 2782 Isoerd.
524 2727 611 2799 AEgid.
630 2730 737 2782 Ascene
754 2731 849 2782 Avant.
865 2728 944 2781 Visn.
961 2726 1065 2796 Gryph.
1083 2726 1153 2779 Petr.
1172 2727 1222 2780 Fa-

165 2804 232 2857 bric.
251 2805 362 2876 llsphel.
380 2807 507 2861 Commel.
527 2809 599 2860 Delr.
618 2807 697 2860 Grut.
714 2807 806 2862 Heius.
825 2807 910 2860 Soriv.
926 2807 1004 2859 Farn.
1020 2805 1104 2876 Thys.
1119 2805 1223 2856 consiliis

166 2887 218 2936 ιἰιίι
231 2903 241 2936 .·
253 2884 292 2938 sio
303 2903 408 2957 quoque
420 2886 504 2942 nostri
518 2887 612 2940 Pariis.
625 2884 726 2940 decem¹
739 2887 843 2940 Primus
854 2885 982 2939 Commel.
995 2883 1102 2936 monuit
1113 2884 1141 2934 in
1155 2881 1223 2936 duo·

166 2963 217 3016 bus
235 2964 289 3018 suis
307 2964 358 3035 legi
375 2967 468 3018 consuli
484 2969 566 3019 tristis.
586 2966 650 3020 Mox
669 2966 783 3038 Scaliger
802 2966 866 3020 falso
885 2962 1028 3018 admissum
1049 2963 1151 3014 consiliis
1171 2965 1223 3014 ιἰιιζι

167 3041 372 3107 demonstravit,
391 3063 474 3115 quum
492 3063 629 3116 uunquam
648 3045 744 3099 Senecs
759 3046 788 3098 in
805 3057 898 3116 quarta
915 3042 976 3098 sede
995 3040 1090 3114 pedem
1110 3054 1223 3112 quatuor

167 3134 317 3193 temporum
338 3125 456 3194 recipiat.
476 3124 627 3178 Gronovius
646 3123 754 3195 quidem
775 3125 878 3177 comitiis
904 3119 1060 3194 epicillesscv
1082 3133 1112 3174 ut
1131 3121 1224 3172 consilii
1274 3171 1276 3176 .

167 3219 223 3255 ease
237 3203 353 3267 censuit3
368 3206 462 3257 comitii
475 3217 563 3256 tumen
579 3221 610 3258 ex
623 3204 794 3269 Florentino,
805 3203 936 3258 Vossiaoo
950 3214 976 3256 et
990 3199 1096 3254 duobus
1110 3201 1139 3254 in
1154 3199 1222 3252 Ger·

167 3281 255 3334 monio
266 3282 382 3346 collatis,
392 3284 524 3353 probavit.
537 3284 592 3336 Nos
602 3283 711 3354 quidem
721 3284 789 3337 hanc
801 3283 941 3336 lectionem
952 3281 1080 3334 habemus
1089 3281 1117 3332 iu
1127 3280 1223 3332 nostris

169 3360 257 3430 6395,
272 3365 362 3425 8οι4,
378 3365 464 3427 8οι6,
479 3365 564 3435 8007,
578 3365 665 3431 8οι9,
680 3364 764 3427 8031,
778 3363 867 3426 8034,
885 3361 976 3426 80363
990 3372 1016 3413 et
1031 3359 1134 3412 consiliis
1148 3362 1222 3410 tristis

169 3441 198 3491 in
214 3439 291 3493 MSS.
305 3441 393 3507 8025,
409 3441 496 3506 8030,
511 3454 537 3494 et
551 3440 615 3496 edit.
630 3442 769 3512 Philologi.

210 3518 275 3574 310.
287 3521 317 3573 Ιιι
323 3534 394 3591 patre
404 3559 409 3572 .
418 3561 441 3574 ..
452 3526 493 3572 .irr
500 3534 598 3592 patruo.
608 3523 758 3592 Elegantius
769 3539 848 3592 quem
859 3524 883 3572 ιἰι
892 3533 986 3590 petrem
996 3558 1003 3572 .
1014 3559 1021 3570 .
1031 3557 1054 3570 ..
1067 3521 1092 3569 ιίι
1099 3529 1220 3588 puerum,

168 3597 242 3671 quod
254 3599 326 3654 Delr.
338 3600 366 3652 in
378 3599 516 3672 llerhipol.
529 3614 555 3654 et
564 3603 669 3654 Veneto
680 3601 768 3671 primo
779 3601 931 3664 invenerat,
944 3613 971 3652 et
982 3596 1056 3668 quod
1067 3598 1143 3650 uobis
1156 3615 1222 3668 quo-

168 3695 222 3748 que
236 3677 263 3730 in
280 3679 385 3732 Ascene
401 3681 525 3733 occurrit.
539 3679 616 3734 Fero.
629 3697 655 3734 et
666 3676 754 3752 AEgid.
768 3683 793 3732 in
802 3692 911 3750 putrem.
923 3716 946 3732 ..
960 3682 986 3730 ιἰι
993 3690 1091 3748 patruo.

209 3757 275 3820 314.
292 3759 431 3812 Nascuntur
448 3759 519 3812 istud.
540 3759 614 3828 (laod
629 3779 711 3824 cocos,
727 3772 778 3812 etc.
794 3759 827 3812 ln
840 3758 973 3829 plerisque
986 3756 1084 3810 nostris
1098 3751 1176 3808 codd.
1192 3767 1223 3807 ut

167 3837 197 3888 iu
218 3837 308 3890 multis
325 3851 388 3892 vett.
403 3837 465 3892 edd.
481 3857 577 3910 nempe
591 3840 686 3893 Philol.
700 3841 806 3892 Arcens.
819 3842 915 3892 Avaot.
930 3851 980 3891 etc.
995 3837 1140 3890 Nascuntur.
1157 3835 1226 3887 Istud

167 3915 234 3987 quod
242 3935 326 3980 vocar,
340 3930 389 3971 etc.
403 3917 480 3970 Fero.
495 3917 594 3971 lecerd
609 3917 697 3990 AEptd.
709 3918 854 3972 Nascuntur.
868 3916 935 3970 Illud
944 3917 1009 3988 quad
1017 3935 1100 3978 ccccc,
1112 3927 1162 3967 etc.

209 3994 277 4048 315.
291 3997 361 4048 Dite.
375 3997 497 4068 Plerique
510 3995 614 4051 codices
627 3999 694 4062 dure,
708 3998 783 4052 solita
795 3996 960 4050 confusione.

209 4073 276 4142 317.
293 4074 356 4127 Nati
366 4082 472 4146 parari?
486 4077 556 4130 Pete.
570 4090 597 4130 et
609 4077 711 4132 Fabric.
726 4082 778 4130 nati
790 4079 882 4146 porcti.
897 4105 938 4119 -
954 4075 1103 4132 Proiectum
1118 4071 1222 4124 rudibus.

167 4152 265 4204 Philol.
280 4166 306 4206 et
316 4155 421 4209 Arcens.
438 4157 525 4208 Tacita
530 4160 584 4226 jam
597 4158 703 4210 rudibus.
714 4159 754 4211 De
765 4157 887 4210 hocloco
899 4155 1015 4209 Botheus
1028 4172 1034 4206 :
1050 4152 1157 4205 «Verba
1173 4150 1223 4201 Τα-

166 4235 217 4283 cita
228 4271 234 4283 .
244 4270 251 4284 .
262 4272 268 4284 .
280 4233 339 4284 clere
356 4236 423 4287 made
438 4238 519 4290 Atreo
534 4235 645 4308 assignet
662 4237 782 4292 Gronov.
801 4232 947 4290 secundum
964 4233 1162 4292 Florentinum
1177 4225 1225 4306 ted
