3090 5142
481 525 789 594 DISSERTATIO.
1108 520 1167 590 lxv

97 659 185 723 raot;
204 663 268 706 nec
289 663 329 706 eu
351 663 404 705 res
425 641 552 725 miuus,
575 665 673 731 quam
697 659 820 710 mutatu
842 641 1025 730 reipublice
1046 643 1167 722 l'orme,

97 771 163 813 uon
186 748 300 812 solnm
327 747 547 834 eloquentiam
574 751 739 838 corrupit,
764 748 820 814 sed
845 748 1034 837 publicum,
1059 763 1098 811 ut
1125 747 1168 810 ita

96 855 215 930 dicam,
231 851 416 936 judicium,
441 875 544 940 quum
566 854 600 916 in
620 855 712 919 istius
736 855 861 945 generis
883 853 999 918 sobolis
1018 851 1167 917 institue·

96 975 209 1024 rentur
219 959 426 1046 quicumque
440 957 491 1024 vel
503 979 637 1048 genere,
650 959 702 1025 vel
714 960 831 1025 divitiis
839 958 991 1024 valerent.
998 961 1040 1022 At
1053 977 1169 1045 quem-

96 1063 295 1146 admodum,
324 1063 436 1128 liberae
464 1064 666 1152 temporibus
696 1065 850 1147 civitatis,
877 1087 919 1128 ne
943 1065 1172 1128 intumesceret

97 1169 294 1258 eloquentia,
309 1169 376 1234 hoc
392 1170 500 1258 ipsum
517 1169 695 1254 obstiterat,
705 1170 796 1258 quod
807 1171 860 1235 illa
868 1171 903 1234 in
919 1169 1056 1258 publicis
1072 1167 1169 1232 rebus

97 1275 229 1365 agssdis
252 1274 437 1338 utebantur
454 1275 610 1357 Romani,
633 1275 679 1340 sic
701 1275 773 1365 ipso
789 1277 853 1341 lori
873 1298 937 1340 usu
957 1292 1037 1340 tuuc
1054 1272 1170 1339 additur

10 1419 11 1428 =
98 1381 237 1464 orationi
261 1381 426 1469 ampullae.
459 1381 522 1444 Ubi
549 1380 654 1446 studia
684 1382 778 1449 latius
803 1397 977 1470 propagata
1000 1395 1097 1462 suut,
1123 1379 1168 1443 ait

98 1487 234 1573 scriptor
253 1486 424 1575 egregius,
442 1487 532 1567 cujus
556 1509 624 1550 non
644 1487 712 1575 ipsa
729 1489 864 1551 omnino
874 1487 993 1568 ¹verbu,
1013 1483 1070 1550 sed
1091 1506 1166 1548 sen·

99 1592 229 1656 tentiam
239 1591 413 1656 afferimus
426 1589 491 1678 (r),
506 1593 626 1656 arctior
634 1593 701 1656 visu
715 1609 764 1656 est
774 1593 877 1681 prisca
886 1590 1062 1679 discipline
1073 1589 1164 1654 rstio.

97 1699 195 1762 Notis
214 1713 249 1762 et
268 1693 437 1786 exquisitis
459 1697 650 1786 eloquentie
673 1699 841 1764 itineribus
866 1719 950 1786 opus
968 1719 1036 1762 esec
1058 1695 1166 1760 eristi-

99 1821 219 1868 matum
247 1820 317 1885 est,
342 1825 402 1892 per
426 1825 498 1891 quse
522 1820 633 1868 orator
656 1803 821 1868 festidium
843 1803 970 1866 aurium
997 1801 1165 1888 effugeret.

9 1983 10 1992 χ
99 1910 149 1973 ltu
166 1908 300 1974 dicendi
319 1910 491 1997 copiaque
509 1910 598 1998 prius
613 1909 773 2000 gaudebat
789 1909 970 1988 Ciceronis,
984 1906 1165 1988 Hortensii,

101 2015 228 2080 casam
253 2015 458 2103 eloquentia,
472 2015 537 2095 jam
553 2015 651 2096 nihil,
665 2037 732 2103 quo
750 2037 819 2080 sese
834 2011 1036 2093 effunderet,
1050 2011 1165 2076 hebuit

101 2121 131 2184 in
150 2143 236 2184 novo
255 2122 466 2209 negotiorum
487 2145 624 2212 genere,
641 2145 713 2208 quse
729 2138 808 2186 tunc
826 2121 954 2209 publice
971 2118 1163 2208 agebantur,

102 2243 131 2290 et
141 2225 267 2307 jndices
284 2241 479 2290 oratoremu
495 2227 663 2316 proposito
676 2225 800 2316 digredi
815 2247 930 2290 susum
946 2221 1168 2288 admonebunt

132 2451 167 2512 (r)
183 2449 288 2498 Auctor
306 2445 404 2518 dialogi
423 2445 458 2500 de
478 2447 565 2500 crusis
587 2459 703 2520 corrupt.
723 2447 795 2520 eloq.
815 2465 874 2520 cap.
890 2461 1000 2500 xix-xx:
1021 2469 1034 2490 ι
1045 2441 1126 2498 Novis
1137 2454 1166 2496 et

101 2534 231 2605 exquisitis
244 2535 407 2607 eloquentie
419 2536 545 2608 operibus
562 2555 628 2606 opos
646 2549 698 2602 est,
712 2555 760 2612 per
778 2555 836 2608 quer
858 2547 948 2590 orator
965 2532 1101 2588 fastidium
1116 2551 1164 2586 au-

102 2622 163 2674 rium
178 2623 326 2694 effugiat...
339 2623 445 2678 ludices
456 2636 589 2678 oratorem
603 2625 657 2677 alio
671 2623 913 2696 transgredientem
924 2633 1048 2676 mrocant
1058 2633 1083 2674 et
1093 2620 1163 2674 lesti-

101 2729 156 2762 ωε
169 2729 197 2763 se
209 2722 344 2763 testantur
347 2748 390 2762 .....
409 2710 549 2764 Procurrit
564 2710 617 2764 hoc
635 2723 753 2784 tempore
763 2710 845 2784 judex
860 2709 1009 2773 dicentem3
1020 2720 1045 2762 et
1056 2709 1105 2761 nisi
1118 2720 1163 2761 aut

101 2815 172 2849 cursu
197 2809 435 2867 argumentorum,
458 2810 505 2850 aut
523 2800 613 2851 colore
635 2801 842 2862 sententiarum,
871 2809 916 2850 unt
936 2797 1020 2850 nitore
1043 2811 1068 2849 et
1091 2796 1163 2848 cultu

100 2885 305 2958 descriptionum
326 2885 450 2938 invitatus
470 2897 495 2939 et
517 2899 654 2957 corruptus
673 2897 726 2947 est,
748 2897 883 2940 sversntur
900 2885 1041 2938 dicentem.
1060 2885 1163 2956 Vulgus

101 2985 199 3045 quoque
213 2974 396 3028 resistentium
414 2987 440 3027 et
455 2973 569 3028 affluens
583 2987 609 3028 et
627 2993 712 3047 sagus
733 2974 841 3029 auditos
854 2974 973 3028 assuerit
982 2976 1038 3046 jam
1058 2973 1163 3043 exigere

102 3059 209 3114 letitiam
222 3073 250 3114 et
263 3060 494 3132 pulchritudinem
503 3062 637 3116 cretionis.
649 3065 708 3116 Jsm
717 3081 782 3116 sero
790 3065 930 3135 juvenes...
941 3062 1042 3114 referre
1052 3057 1162 3112 domum

102 3147 192 3220 aliquid
203 3149 309 3202 illustre
318 3161 344 3202 et
355 3148 465 3220 dignum
477 3150 603 3203 memoris
615 3150 724 3216 solunt;
744 3149 907 3220 traduntque
920 3149 1036 3202 invicem
1049 3159 1074 3199 et
1093 3164 1162 3216 supe

102 3233 126 3286 in
138 3236 291 3306 provincius
304 3249 329 3290 et
343 3237 463 3291 colonias
476 3255 536 3290 suas
549 3237 683 3299 scribunt,
700 3237 756 3291 sive
767 3237 862 3308 uliquis
875 3249 965 3308 argute
980 3246 1006 3287 et
1020 3233 1094 3286 brevi
1103 3252 1163 3286 seu·

102 3323 174 3376 uude
194 3323 317 3388 effulsit,
336 3324 391 3377 sive
411 3325 486 3377 locus
508 3324 638 3396 exquisito
658 3337 684 3378 et
702 3324 805 3396 poetico
826 3324 899 3376 cultu
924 3321 1028 3375 enituit.
1044 3319 1164 3392 Erigitur

102 3410 164 3462 enlm
175 3415 231 3484 jam
245 3412 282 3464 ab
292 3423 399 3464 orstcre
412 3412 491 3465 etiam
502 3411 622 3486 poeticus
641 3411 723 3466 decor
743 3431 775 3464 ex
793 3411 898 3466 lloratii
910 3423 936 3463 et
947 3409 1052 3481 Virgilii
1067 3422 1095 3462 et
1107 3409 1162 3462 Lu-

102 3499 154 3550 cani
163 3499 284 3552 sacrariis
298 3500 446 3571 prolutus.»
460 3500 521 3554 Non
534 3511 605 3554 recte
615 3500 757 3573 quicquum
767 3499 875 3572 obiiciat
886 3509 989 3552 etatem
998 3497 1072 3570 carpi
1080 3497 1163 3570 paulo

103 3588 281 3657 postmioreut.
300 3588 365 3642 sini
386 3588 459 3642 enim
468 3587 561 3661 judicii
572 3589 631 3642 lieri
639 3588 849 3652 inclinationem,
861 3599 886 3641 et
899 3587 995 3659 quibus
1004 3605 1032 3640 ee
1042 3586 1166 3658 subrepat

101 3676 186 3740 esuris,
192 3695 247 3728 non
262 3676 352 3748 primo
366 3676 454 3729 statim
465 3676 542 3730 initio
552 3678 720 3749 intelligitur,
731 3678 886 3748 prasertim,
894 3676 916 3730 si
929 3695 988 3746 quse
1001 3676 1164 3730 invalescunt

101 3762 155 3816 sitia
171 3764 322 3834 speciosum
342 3761 446 3834 aliquid
467 3777 493 3818 et
509 3764 677 3836 splendidum
700 3783 753 3836 prss
772 3784 800 3820 se
818 3765 918 3830 lerunt,
934 3763 1020 3836 qualis
1033 3764 1100 3816 soret
1117 3759 1164 3816 de·

101 3849 244 3906 clamatoria
254 3851 365 3923 poesis,
382 3861 429 3903 aut
441 3851 545 3922 poetica
555 3850 726 3905 declamatio.
739 3852 816 3904 Tunc
828 3849 938 3922 quidem
950 3868 1056 3904 necesse
1070 3861 1123 3910 est,
1132 3861 1162 3900 ut
1175 3895 1184 3918 ,

99 3937 186 3991 udum
210 3941 287 4011 prius
308 3937 430 3991 multum
452 3937 595 4010 procedet,
613 3959 694 4012 quem
713 3939 855 4009 caliginem
874 3939 1013 4012 quisquam
1038 3936 1161 3990 excutiat.

95 4027 164 4092 Quod
174 4029 257 4102 igitur
271 4024 456 4082 animadverti
467 4039 493 4080 et
505 4027 664 4100 reprehendi
676 4029 774 4081 ultimis
785 4028 872 4082 seculi
882 4029 958 4082 aunis
968 4027 1062 4098 cupit,
1072 4023 1161 4081 medio

91 4118 191 4182 seculo,
207 4137 265 4172 nou
282 4117 323 4172 itu
340 4115 450 4189 palent,
463 4115 509 4169 sed
519 4117 646 4172 exstitisse
658 4131 728 4172 tame
755 4116 867 4170 videtur.
