3168 5140
380 563 454 657 27³
669 557 1159 629 n.nnnn1snnscffi

485 696 594 762 Omne
617 693 679 762 suh
699 717 803 788 regno
824 695 977 788 graviore
996 715 1138 788 regnum
1157 709 1216 764 est.

481 783 595 888 'Quem
613 797 682 868 dies
699 799 782 870 vidit
798 801 934 870 veniens
955 798 1157 894 superbum,

379 915 389 934 '
485 909 585 974 Hunc
602 905 672 975 dies
688 904 772 976 vidit
789 903 919 1001 fugiens
937 906 1113 1000 jacentem.

377 1022 380 1031 ’
484 1013 594 1082 Nemo
611 1009 759 1081 confidat
778 999 917 1081 nimium
936 1011 1111 1096 secundis;

483 1120 593 1188 Nemo
615 1117 767 1213 desperet
784 1117 922 1188 meliora
939 1116 1050 1213 lapsis.

484 1227 604 1294 Miscet
624 1224 696 1295 haec
712 1223 790 1312 illis,
812 1225 1033 1320 prohibetque
1049 1223 1173 1296 Clotho

485 1333 579 1400 Stare
597 1330 766 1401 fortunam
782 1357 789 1399 :
805 1345 894 1401 rotat
914 1355 1014 1402 omne
1033 1330 1148 1402 fatum.

485 1437 595 1506 Nemo
613 1451 681 1506 tam
701 1436 796 1508 divos
817 1438 934 1508 habuit
953 1436 1121 1524 faventes,

484 1544 675 1613 Crastinum
693 1558 731 1612 ut
747 1559 859 1639 posset
874 1543 935 1614 sibi
955 1542 1114 1638 polliceri.
1409 1573 1447 1614 s„

422 1745 488 1796 6η.
501 1742 579 1796 Omne
588 1743 631 1795 sub
641 1763 724 1813 agno,
736 1755 787 1796 etc.
797 1741 890 1796 Horat.
936 1741 1011 1814 quod
1023 1740 1141 1814 adjaceat
1148 1744 1249 1810 fernen,
1263 1742 1310 1797 cui
1325 1762 1393 1795 omns
1407 1760 1447 1796 re·

382 1819 494 1887 111,od.
507 1840 567 1887 ω.
580 1821 595 1876 5
609 1840 617 1875 :
631 1824 750 1894 «Regum
760 1821 893 1876 timendo·
935 1821 1077 1876 terendum
1098 1821 1213 1876 voluisse
1232 1835 1312 1894 poeta
1337 1822 1447 1876 videtur.

381 1920 441 1954 rum
459 1901 487 1954 in
504 1903 628 1973 proprios
642 1921 750 1973 greges,
763 1903 849 1974 Reges
864 1902 893 1956 iu
936 1901 1022 1955 Affert
1032 1901 1162 1958 Bedenius
1174 1903 1298 1974 exempla
1307 1901 1447 1956 Menandri

381 1981 454 2053 ipsos
466 1981 610 2052 imperium
623 1993 663 2035 est
673 1982 756 2036 lovis.
767 2007 779 2029 ι
935 1981 965 2035 in
985 1981 1323 2054 Hypobolimeo,Virffl'lii
1339 1979 1446 2046 (Bucol.

423 2061 490 2114 615.
502 2061 580 2114 Nemo
592 2059 712 2132 confidat,
728 2075 777 2115 etc.
788 2061 894 2116 &nece
936 2061 993 2128 IX,
1008 2057 1152 2131 5),Valerii
1166 2063 1277 2116 Maximi
1289 2059 1339 2127 (V,
1354 2080 1381 2127 1,
1394 2052 1445 2130 ro),

381 2141 481 2207 Queat.
500 2141 594 2194 Natrrr.
609 2143 852 2214 III,prel'.Itaque
868 2146 894 2194 in
936 2139 965 2193 in
992 2142 1090 2213 quihus
1111 2142 1195 2196 latum
1221 2140 1323 2196 dicitur
1346 2160 1448 2196 versare

382 2219 695 2292 secwrdhnemoeonfidot,
706 2221 844 2274 inadversr's
851 2241 894 2274 ne·
937 2222 1028 2274 omnia
1042 2239 1050 2274 e
1064 2221 1111 2276 sed
1125 2220 1198 2276 haud
1217 2221 1367 2276 necessario
1386 2221 1446 2275 inde

382 2299 808 2370 modeficiat...1nmeliruadversa,
821 2301 895 2355 inde-
937 2300 1079 2376 colligitur,
1098 2303 1226 2357 Senecam
1246 2300 1341 2356 eadem
1356 2300 1446 2355 iisdem

382 2383 455 2432 terius
468 2391 552 2450 optata
557 2382 701 2452 fleetuntur.
936 2380 1024 2434 verbis
1030 2382 1199 2453 expressisse,
1208 2381 1358 2454 praesertim
1366 2401 1446 2453 quum

422 2462 489 2514 616.
503 2461 580 2514 Nemo
594 2461 710 2531 desperet,
726 2472 777 2515 ete.
792 2462 891 2527 Nemo,
935 2459 1010 2514 locus
1020 2461 1058 2516 sie
1071 2462 1155 2534 accipi
1166 2461 1275 2516 nonnisi
1288 2463 1373 2515 invita
1385 2481 1446 2514 oon·

379 2539 892 2613 lapsisrebus,desperetmelioraposse
935 2541 1084 2594 structione
1110 2543 1210 2614 possit,
1232 2553 1260 2595 et
1284 2559 1347 2596 cunr
1366 2542 1446 2595 altero

380 2619 518 2690 affulgere.
937 2631 1030 2674 contra
1043 2640 1123 2675 sensu
1136 2623 1218 2675 verba
1234 2621 1370 2696 aptissime
1387 2639 1446 2674 oon·

422 2702 488 2768 617.
501 2699 590 2752 Miscet
600 2700 651 2751 hoee
663 2699 719 2754 iltis.
730 2699 834 2772 Nempe
845 2699 892 2753 ad·
936 2699 1052 2755 veniant.
1065 2702 1133 2755 Nam
1145 2715 1175 2754 ut
1186 2716 1314 2773 torquere
1324 2713 1351 2754 et
1361 2693 1446 2753 rotare

379 2795 453 2832 versa
466 2777 596 2833 secundis.
612 2779 674 2833 Seu.
685 2781 784 2846 Queat.
796 2781 891 2836 Natur.
937 2779 1107 2834 satalesfusos
1118 2781 1217 2837 Clotho
1226 2780 1340 2845 dicitur,
1348 2781 1387 2833 sic
1398 2782 1446 2833 sata

379 2858 439 2923 111,
448 2860 523 2930 prael.
539 2859 639 2912 Gaudet
652 2860 715 2911 loetis
727 2863 805 2912 tristia
819 2865 892 2914 susu-
936 2860 1077 2914 hominum
1091 2873 1181 2914 rotare
1193 2874 1220 2916 et
1233 2872 1376 2932 torquere,
1386 2879 1446 2932 poe-

379 2957 450 3004 nere,
465 2950 490 2990 et
504 2950 603 3009 utraque
618 2941 723 2993 nocere.
739 2971 779 2982 -
794 2939 891 2994 Clotho.
936 2939 990 2994 tico
1003 2952 1030 2993 et
1044 2941 1216 2994 usitatissimo
1232 2941 1380 3001 schemate,
1393 2938 1445 2993 dici

379 3017 441 3070 Una
451 3018 610 3084 Parcarum,
619 3037 680 3089 quae
693 3019 754 3072 vitae
766 3019 891 3075 humanu
935 3031 1032 3092 potest.
1043 3021 1144 3074 Tibull.
1156 3022 1209 3086 ΠΙ,
1219 3019 1271 3074 35:
1286 3045 1298 3068 ι
1309 3019 1446 3090 tristesque

379 3095 424 3150 fila
434 3095 525 3151 nendo
533 3093 618 3159 (unde
630 3099 667 3153 illi
681 3117 796 3165 nomen,
805 3101 891 3154 arald-
935 3117 1039 3153 sorores
1050 3099 1166 3154 Stamina
1177 3119 1238 3172 que
1249 3099 1371 3163 ducunt,
1381 3117 1446 3170 que·

378 3181 429 3242 to,
443 3174 511 3241 neo)
531 3178 568 3231 ita
588 3195 717 3250 prospera
737 3191 765 3232 et
782 3177 891 3234 adversa
935 3197 991 3250 que
1015 3181 1105 3234 futura
1124 3192 1217 3233 neunt.
1235 3204 1247 3226 ι
1269 3177 1446 3242 Prudentius,

378 3258 516 3312 connectit
522 3271 572 3324 ‚ut
586 3275 726 3330 uunquam
740 3271 809 3312 stare
820 3271 849 3313 et
861 3259 890 3312 in
934 3257 1035 3330 Hymu.
1058 3261 1101 3324 X,
1123 3257 1158 3313 de
1183 3259 1300 3313 Romani
1323 3259 1446 3331 martyris

378 3335 473 3390 eodem
495 3337 607 3409 vestigio
627 3338 763 3394 fortunam
789 3339 891 3394 herere
934 3339 1082 3411 supplicio,
1099 3339 1172 3410 239:
1190 3362 1202 3386 ι
1218 3339 1303 3392 Fusos
1314 3351 1445 3392 rotantem

377 3416 503 3488 patiatur.
935 3419 1069 3473 cernimus
1079 3417 1272 3488 Tyrinthium?
1281 3445 1292 3466 ι
1306 3416 1389 3472 Ovid.
1398 3419 1446 3472 lle·

420 3499 487 3551 618.
500 3497 577 3550 floret
589 3515 657 3550 omne
665 3500 757 3566 fertum.
771 3498 831 3553 Hoc
847 3517 889 3553 ac·
934 3497 1004 3551 roid.
1018 3497 1085 3563 XII,
1096 3497 1112 3549 3
1124 3515 1131 3551 :
1141 3499 1255 3564 «Tunc,
1267 3517 1327 3570 quea
1339 3497 1444 3570 dispen-

377 3575 443 3648 cipit
454 3576 553 3630 Badeo.
567 3596 617 3649 pro
624 3579 706 3645 fotum
717 3589 783 3630 rotat
795 3583 887 3642 omma,
935 3589 993 3631 sant
1008 3578 1130 3632 mortalia
1145 3577 1206 3645 fila,
1220 3595 1326 3632 sorores
1341 3579 1445 3632 Debue-

291 3701 295 3708 .
377 3667 405 3707 et
428 3655 595 3728 Lessingium
623 3658 761 3730 objurgat,
788 3659 836 3732 qui
861 3659 889 3712 in
933 3669 996 3712 rant
1012 3659 1083 3712 hrsos
1098 3658 1230 3712 evoluisse
1242 3675 1326 3711 meos.
1339 3683 1352 3704 ι

377 3734 511 3789 Theatral.
527 3737 653 3791 Biblioth.
669 3739 722 3791 vol.
739 3739 782 3802 11,
797 3757 825 3810 p.
841 3741 889 3804 81,
975 3741 1042 3792 620.
1067 3737 1221 3801 Crastinum,
1247 3751 1300 3792 etc.
1323 3733 1441 3809 Euripid.

377 3814 570 3885 interpretatur
587 3837 603 3866 a
622 3817 712 3870 Clotho
727 3836 795 3869 onrne
813 3822 891 3870 rotari
933 3817 1029 3872 Alcest.
1044 3818 1099 3888 783
1113 3821 1184 3871 :Ode
1199 3821 1252 3871 loss
1261 3819 1443 3881 tentonicae

372 3895 464 3961 sotum.
482 3897 605 3948 Attamen
624 3896 668 3949 vix
685 3895 827 3950 ferendum
846 3915 890 3950 ar·
934 3898 1170 3963 tinnimentum
1185 3900 1264 3969 aliptes
1280 3900 1414 3969 μέλλουσαν
1424 3898 1443 3950 tl

376 3974 464 4026 bitror
478 3993 546 4026 omne
559 3993 610 4045 pro
629 3979 727 4040 omnine
742 3995 798 4030 uon
815 3975 889 4048 quod
934 3977 1062 4044 βιώσεται.
1077 3977 1171 4033 Horat.
1185 3978 1237 4042 IV,
1253 3974 1299 4031 od.
1316 3995 1345 4046 7,
1357 3995 1381 4030 v.
1398 3994 1442 4048 17:

377 4071 487 4125 prorsus
497 4053 612 4108 insoleus
622 4055 656 4109 sit
669 4054 742 4128 apud
753 4059 888 4111 Romanos
937 4057 1022 4122 ·Quis
1038 4056 1102 4123 seit,
1120 4075 1154 4111 an
1170 4055 1296 4129 adjiciant
1309 4054 1442 4110 hodierne

375 4133 521 4205 scriptores
536 4153 604 4186 omne
619 4136 778 4206 generaliter
790 4151 817 4192 et
830 4138 888 4192 sine
933 4138 1046 4191 crastina
1065 4145 1175 4191 'summae
1197 4137 1331 4208 Tempora
1351 4134 1381 4188 di
1401 4155 1441 4190 su·

372 4215 481 4267 nomine
499 4214 665 4270 substantivo
682 4220 822 4287 usurpari,
840 4215 887 4272 sed
932 4217 1010 4290 peril
1021 4245 1032 4266 a
1048 4215 1117 4273 Add.
1128 4219 1250 4289 Propere
1263 4217 1307 4282 11,
1321 4215 1386 4286 eleg.
1402 4215 1441 4280 15,
