3172 5138
432 469 949 562 Antunnvnnsiones.
1140 491 1211 591 337

156 609 264 674 eulmen,
280 609 353 682 qnod
364 611 492 667 Commel.
506 627 532 669 et
541 615 632 669 Heius.
643 614 791 670 ediderunt.
803 617 843 669 Ex
856 616 930 670 MSS.
941 617 1020 681 meis,
1031 618 1086 673 duo
1099 633 1217 691 tantum,

159 693 233 746 8028
248 703 274 743 et
289 693 375 757 8261,
389 693 478 746 culmen
493 695 636 748 exhibent:
650 697 754 759 ceteri,
768 697 889 758 columen,
904 710 934 749 ut
949 715 1040 751 omnes
1055 701 1214 757 commelini

157 782 185 824 et
199 771 340 824 Delrionis.

200 849 246 918 59.
266 851 400 922 Ecquando
418 853 494 916 tollet,
516 866 565 907 etc.
582 854 789 919 Quatnordecim
807 850 900 908 Parios.
922 868 949 907 et
967 869 1031 910 vett.
1053 857 1113 911 edd.
1134 862 1213 916 Fern.

158 928 248 1000 AEgid.
260 929 359 984 Philol.
368 943 393 982 et
403 933 506 1004 quondo.
518 965 557 975 -
566 934 656 998 Quum
669 933 820 987 Gronovius
833 935 919 987 locum
934 944 988 986 non
1001 937 1062 989 satis
1074 941 1214 995 commode

158 1008 392 1080 interpretaretur,
404 1013 439 1064 sic
451 1010 607 1065 mutandum
617 1014 753 1080 censebat,
767 1039 778 1061 ι
789 1013 933 1085 Ecquando
944 1015 1036 1067 tollet?
1047 1017 1151 1087 ignibus
1160 1022 1214 1090 jem

158 1087 273 1142 subditis
287 1102 410 1160 spument
422 1090 505 1144 ebena
516 1083 539 1157 ι,ι
553 1082 727 1164 interpretans
746 1119 756 1138 ι
769 1092 916 1164 Ecquando
931 1093 1028 1147 liberos
1041 1098 1184 1169 suscipiet?
1197 1125 1209 1148 ι

157 1167 224 1220 Erat
231 1168 301 1222 enim
312 1170 340 1222 in
351 1170 425 1238 letis,
435 1183 464 1222 ut
473 1170 601 1242 Thyestes
609 1171 716 1225 sceleste
725 1172 823 1225 liberos
834 1173 963 1225 auritteret
971 1165 1085 1239 (nundum
1099 1167 1214 1248 Thyestes

158 1246 245 1300 liberor
257 1249 328 1319 deflet
340 1247 421 1314 suos),
437 1251 568 1304 scelestius
576 1269 681 1304 rursum
692 1263 792 1305 emeret
807 1270 836 1305 ac
851 1252 967 1315 tolleret,
982 1254 1025 1306 vel
1039 1256 1183 1327 susciperet
1198 1277 1213 1312 e

157 1325 214 1382 illie
233 1323 386 1400 (Ecquando
412 1327 523 1396 tollere).
548 1331 742 1384 Gronovianem
768 1331 1009 1402 interpunctionem
1033 1335 1214 1404 probaverunt

158 1405 343 1473 Schroederus,
361 1409 439 1462 Roth.
461 1423 488 1462 et
507 1408 605 1463 Beden.
626 1409 678 1463 Sed
695 1409 813 1464 Schroed.
834 1423 860 1462 ct
881 1411 959 1464 Both.
978 1412 1071 1465 referri
1089 1417 1214 1470 volebant

159 1487 235 1550 tollet,
249 1505 304 1540 non
317 1486 352 1540 ed
364 1489 493 1542 incestum
503 1489 635 1561 Thyestis,
647 1488 693 1543 sed
704 1488 737 1542 ad
745 1493 829 1560 patriti
842 1491 964 1542 dextram:
977 1517 987 1538 ι
999 1492 1054 1545 Cur
1065 1492 1155 1548 dextre
1167 1516 1213 1567 pn.

158 1568 213 1619 trui
228 1568 319 1620 vacat?
336 1565 482 1639 Ecquando
498 1569 596 1622 liberos
616 1568 690 1622 tollet
705 1581 732 1622 et
748 1568 885 1622 occidet·
906 1569 957 1622 Sed
977 1571 1129 1644 interjectus
1144 1593 1211 1631 vere.

158 1645 271 1698 Nondum
288 1648 415 1718 Thyestes,
431 1660 481 1701 etc.
496 1665 531 1701 ne
548 1648 594 1701 bic
610 1647 764 1702 admittatur
780 1667 883 1713 sensus,
905 1650 971 1702 mibi
990 1650 1095 1705 ridetur
1115 1661 1214 1711 vetere.

158 1725 249 1796 Ipsum
260 1726 390 1779 Gronovii
400 1745 503 1780 sensum
517 1726 683 1781 subtiliorem
694 1741 721 1781 ct
732 1728 836 1798 longius
848 1729 961 1800 petitum
973 1729 1072 1799 judico.
1085 1733 1213 1797 Quemvis

158 1803 226 1857 nihil
241 1804 367 1871 habeam,
380 1805 451 1878 quod
465 1808 575 1859 omnino
589 1806 708 1870 laudem,
722 1807 777 1860 vid.
791 1827 850 1877 quae
863 1809 961 1878 conjeci
973 1828 1000 1879 p.
1018 1829 1082 1863 nno.

199 1887 243 1936 60.
257 1883 386 1956 Spumante
396 1887 493 1938 aluno?
505 1887 615 1950 membra,
632 1899 682 1940 etc.
697 1886 802 1957 Lipsius
817 1887 911 1939 melius
923 1886 1078 1942 distinctum
1093 1910 1211 1961 pronun·

157 1964 255 2028 tiabat,
268 1965 290 2016 si
306 1966 424 2018 membra
437 1965 470 2018 ad
484 1964 659 2038 procedentia
672 1967 869 2019 remitteretur:
882 1966 1050 2037 «Ecquando
1059 1971 1132 2023 tollet
1145 1973 1213 2044 igni·

156 2042 207 2095 bus
226 2045 280 2115 jem
302 2043 415 2098 subditis
436 2060 573 2116 spumante
592 2045 678 2098 abeno
699 2045 835 2098 membra?
851 2063 901 2117 per
919 2059 1018 2116 partes,
1036 2061 1086 2100 etc.
1099 2076 1129 2115 ·‚
1146 2071 1221 2118 rena

157 2121 267 2192 quidem
277 2137 304 2176 et
316 2125 405 2178 inutili
417 2123 608 2180 emendatione.
620 2125 772 2178 Gronovius
783 2137 809 2177 et
821 2137 881 2196 post
894 2125 969 2177 illum
982 2127 1058 2179 Roth.
1072 2142 1098 2180 et
1112 2129 1211 2184 Badeo.

156 2200 336 2256 Florentinam
347 2204 487 2257 lectionem
498 2217 604 2275 spument
612 2205 688 2256 cheno
699 2203 988 2275 laudaverevulgatern
1000 2208 1143 2278 sequimur,
1155 2231 1213 2264 om.

156 2281 237 2334 nibus
246 2282 320 2335 MSS.
335 2296 361 2335 et
373 2295 437 2336 vett.
451 2283 524 2337 editt.
538 2283 737 2349 confirmatam,
750 2302 853 2336 necnon
868 2297 953 2354 poete
966 2287 1116 2350 sententio,
1131 2297 1161 2341 nt
1170 2291 1212 2343 in·

157 2373 350 2432 terpretamnr‚
362 2363 461 2434 optime
475 2362 705 2417 accommodatam.
1130 2373 1133 2383 ·

198 2445 245 2494 61.
261 2443 366 2495 Patrios.
384 2443 461 2495 Roth.
478 2463 510 2497 ex
526 2444 581 2496 lec.
601 2442 718 2495 Gronov.
734 2444 761 2494 in
775 2441 878 2494 schedis
893 2442 977 2495 Dietz.
990 2457 1089 2514 patmos
1105 2461 1213 2520 antepo-

155 2521 225 2586 suit,
238 2520 310 2591 qnod
325 2540 385 2574 raro
398 2523 425 2574 in
439 2523 527 2576 latinis
540 2522 642 2593 scriptt.
658 2521 811 2593 usurpatum
827 2512 860 2589 (si
875 2523 1001 2594 exempla*
1010 2537 1113 2578 tuntum
1127 2546 1214 2582 annu·

155 2618 257 2663 meres,
270 2619 328 2671 quse
340 2613 401 2655 sunt
417 2614 489 2654 extra
503 2599 744 2673 disceptationem),
759 2614 785 2654 et
807 2601 859 2652 ulla
880 2601 936 2655 sine
955 2603 1067 2657 utilitate
1082 2606 1213 2661 intrusum

154 2678 333 2751 repudiamus.

198 2762 244 2812 66.
256 2761 365 2812 Potetur.
380 2761 460 2815 Paris.
474 2763 549 2816 8263
563 2775 589 2815 et
606 2761 679 2814 editt.
695 2762 773 2814 Fern.
790 2759 889 2812 Isoard.
904 2759 992 2830 -AEgid
1003 2773 1104 2832 petetur.

198 2843 244 2908 67.
261 2841 373 2910 Fugerer.
390 2841 463 2894 Delr.
477 2841 663 2913 Moguntinus,
672 2843 763 2910 fugies.
977 2897 978 2901 ,
1178 2909 1179 2912 Ἴ

198 2935 244 2988 70.
268 2917 376 2972 Carceris
395 2921 466 2971 lueet
480 2925 532 2973 mei.
552 2922 701 2991 Interrogat
720 2920 796 2972 Both.
818 2918 907 2985 ·Qnis
925 2917 1007 2970 fendo
1031 2918 1145 2984 audivit,
1165 2930 1214 2975 otri

156 3002 257 3049 eructu
273 2999 350 3051 cubile
365 3017 420 3051 esse
438 3001 549 3055 Tantalo
569 2998 641 3071 apud
656 2999 797 3054 inferosi·
816 3012 842 3051 et
861 2997 918 3050 niti
935 3017 984 3068 pro
1001 3004 1046 3050 nei
1064 3001 1210 3054 substituit.

155 3075 210 3129 Sed
223 3096 311 3131 nonne
322 3099 436 3130 cunerem
444 3081 577 3150 appellere
589 3093 675 3151 potest
690 3079 814 3131 Tantalus
828 3077 978 3130 inferorum
991 3091 1106 3148 partem,
1118 3081 1146 3132 in
1160 3097 1211 3151 qna

154 3153 291 3211 detinetur
302 3159 506 3230 cruciatusque?
518 3158 594 3212 Adde
603 3157 674 3231 qnod
686 3162 796 3221 carceris,
811 3157 833 3210 si
843 3156 972 3228 adjectivo
981 3154 1153 3225 destituatur,
1164 3179 1211 3230 per

155 3252 185 3288 se
198 3238 324 3290 incertam
338 3249 364 3290 et
376 3236 490 3293 debilem
501 3239 659 3292 sententiam
673 3238 759 3291 faciat.
770 3238 891 3308 vulgatas
904 3234 1045 3288 adherere.

198 3335 245 3385 71.
261 3317 359 3372 Videor.
375 3318 453 3371 Fero.
469 3317 569 3371 Isoard.
584 3319 655 3370 Petr.
671 3316 756 3388 AEgid.
771 3307 823 3382 (od
837 3307 938 3386 marg.)
951 3333 1011 3368 cum
1028 3315 1102 3369 MSS.
1115 3318 1213 3376 Parios.

155 3398 247 3462 80²9,
261 3398 351 3463 8261,
365 3388 441 3450 8263
455 3398 555 3459 uideam
571 3415 626 3450 non
641 3397 717 3449 mele.

198 3479 243 3543 76.
259 3475 359 3548 dansque
372 3480 476 3529 centuri.
491 3478 582 3530 Lectio
600 3495 631 3530 ex
648 3475 803 3528 Florentino
817 3472 971 3542 desumpta,
984 3487 1010 3527 et
1023 3475 1120 3528 melior
1133 3495 1211 3547 quarn

154 3553 275 3625 vulgate,
286 3559 371 3628 quique
382 3560 486 3620 uenturi,
501 3570 614 3628 propter
627 3556 771 3628 repetitum
783 3557 886 3626 quisquis
896 3571 938 3605 rr.
958 3553 1004 3622 75,
1018 3573 1066 3623 77,
1080 3573 1126 3624 79.

196 3652 243 3704 77.
259 3635 369 3687 Ruinam.
384 3635 462 3688 Fero.
478 3635 578 3689 Isoard.
593 3635 678 3707 AEgid.
694 3640 783 3687 ruinas.

164 3723 167 3728 ’
196 3715 243 3783 87.
257 3715 341 3766 Diuo.
357 3714 427 3767 Male
442 3715 470 3768 in
484 3716 561 3769 Fero.
574 3713 673 3769 Isoard.
689 3713 775 3784 AEgid.
791 3727 816 3765 et
829 3713 910 3765 Paris.
925 3712 1012 3772 8263,
1029 3712 1109 3764 deuo.

196 3810 240 3860 90.
253 3793 321 3846 Avus
334 3806 436 3865 nepotes.
450 3794 555 3864 Septem
566 3795 640 3848 MSS.
654 3815 719 3858 roos,
735 3805 835 3863 nepotes.

197 3889 244 3940 91.
268 3873 409 3946 Nosterque.
434 3874 560 3944 Quinque
583 3874 676 3926 Peries.
701 3876 826 3945 nostrique.
847 3869 930 3942 AEgid.
953 3870 1106 3926 adversante
1127 3885 1212 3925 metro

151 3955 238 4005 nostri.

195 4049 240 4098 9²·
261 4033 370 4102 Loquar.
392 4033 452 4085 Non
475 4032 621 4105 spernenda
642 4033 694 4086 luit
712 4033 804 4096 lectio,
824 4043 884 4084 ante
901 4029 1067 4084 Gronovinm
1089 4031 1213 4084 omnibus

152 4109 274 4181 vulgate,
293 4111 392 4184 loquer,
414 4131 492 4184 quam
509 4125 536 4164 et
551 4114 669 4186 plerique
687 4113 813 4167 exhibent
831 4108 905 4164 MSS.
922 4109 984 4163 Huc
999 4123 1055 4164 erat
1072 4109 1213 4182 dispositio

152 4190 206 4242 loci
226 4209 233 4242 ι
252 4191 370 4260 «Ingenti
388 4193 449 4246 licet
463 4205 549 4246 taxete
563 4211 639 4264 poene
655 4193 746 4263 lingua
759 4192 904 4255 credetur,
917 4191 1025 4260 loquar,
1040 4191 1096 4242 Neo
1109 4190 1161 4242 hoc
1174 4202 1213 4242 ta·

208 4302 239 4366 I.
