3210 5140
458 535 988 638 ininsovsnsmnns
1182 535 1252 632 ¹73

188 669 244 721 hcc
259 664 406 721 similitudo
418 683 506 719 snssm
521 665 699 737 comptionis
714 665 873 738 prebuerit,
886 666 928 718 rel
942 675 1077 718 excretum
1092 665 1174 719 inerit
1186 667 1251 720 seri·

188 760 268 820 pturs
277 747 402 800 continue
412 748 541 817 oirisotqne
551 763 601 815 pro
612 748 749 816 civitasque,
763 757 773 796 t
785 757 833 797 ets
844 745 927 798 literis
938 745 1007 798 forte
1015 745 1084 797 inter
1094 764 1121 798 se
1130 763 1249 800 commu·

189 827 264 892 tntis,
278 845 333 896 quo
340 823 421 878 modo
436 826 531 878 tandem
542 843 593 896 pro
606 824 701 876 dantem
712 823 820 897 Thyest.
837 827 892 888 406
906 824 934 876 ἱο
947 835 1011 876 vett.
1025 822 1101 889 edd,
1117 826 1187 876 telum
1200 845 1250 897 pro

189 908 259 958 letum
272 906 350 959 llere.
365 905 431 958 OEt.
448 910 513 976 976.
528 931 539 951 ι
557 903 658 956 Heinsii
672 900 821 968 codicibus,
835 904 882 974 qui
898 905 955 956 civis
968 917 1039 975 atque
1049 902 1192 974 Amphionis
1202 904 1250 959 bs·

189 986 301 1050 bebaut,
317 998 427 1057 possunt
443 982 551 1056 sdjungi
563 983 658 1037 Puriss·
670 983 764 1051 6395,
779 983 825 1054 qui
835 995 907 1054 atque
919 983 1062 1054 Amphionis
1075 987 1143 1046 einis,
1160 986 1248 1050 8004,

189 1065 235 1136 qni
250 1076 323 1138 atque
333 1065 477 1135 Amphionis
487 1067 556 1126 eires,
575 1064 648 1132 8009
659 1102 667 1126 ,
681 1062 728 1134 qui
740 1074 811 1132 atque
823 1063 975 1133 Amphionis,
990 1065 1048 1114 cirri
1061 1064 1190 1132 prssbent.

232 1147 297 1214 069.
313 1144 369 1213 Quo
382 1144 519 1196 recidistis:t
531 1141 576 1195 Sic
588 1143 682 1196 Pariss.
695 1139 845 1207 sexdecim,
855 1143 893 1196 sio
907 1139 968 1194 edd.
981 1154 1044 1196 vett.
1056 1141 1134 1195 Fern.
1149 1142 1249 1198 isoard.

189 1224 259 1277 Petr.
278 1223 381 1276 Febris.
399 1223 474 1276 Deir.
492 1222 586 1287 Grut.;
604 1239 653 1274 nec
668 1239 747 1274 sensu
765 1222 860 1274 melius
875 1219 1022 1293 quidquem
1039 1233 1126 1292 potest
1145 1224 1250 1294 excogi-

191 1303 255 1368 tari;
275 1300 439 1373 repudienda
458 1302 540 1374 igitur
559 1302 639 1354 slters
656 1300 736 1354 lectio
753 1300 891 1364 mcidhth,
910 1319 969 1371 quse
985 1300 1014 1353 in
1031 1298 1119 1372 mgis.
1140 1303 1247 1356 Arcens.

191 1383 295 1454 Grypb.
307 1382 417 1453 Ruphel.
430 1382 522 1436 Heius.
538 1381 621 1434 Scriv.
633 1381 764 1446 occurrit,
776 1397 908 1452 quumque
920 1379 1071 1432 Gronovius
1086 1381 1113 1433 in
1129 1381 1249 1436 Floreut.

190 1481 295 1515 amsnu
307 1464 395 1534 prims
407 1461 531 1532 scriptum
540 1457 613 1523 (num
628 1457 744 1513 secunde
754 1460 870 1512 recidistis
881 1457 1010 1523 reddidit)
1021 1477 1053 1512 eo
1065 1471 1168 1514 tuntum
1181 1479 1250 1532 prc-

192 1541 268 1606 tulit,
281 1540 355 1613 quod
367 1542 395 1594 in
409 1541 513 1612 optimo
525 1538 616 1594 codice
628 1539 764 1610 reperiret.

231 1640 296 1692 070.
312 1621 458 1690 confringit.
474 1620 598 1674 Universi
612 1619 696 1672 nostri
713 1618 787 1671 Mss,
803 1629 830 1670 et
847 1617 908 1671 edd.
922 1631 986 1672 vett.
1007 1630 1069 1672 ente
1081 1618 1249 1672 Gronovium

190 1703 314 1770 confregit.
330 1701 484 1753 Gronovius
497 1701 628 1770 confringit
638 1717 670 1752 ex
682 1699 794 1750 Etrusco
808 1696 915 1762 eduxit,
928 1696 1001 1768 qnod
1014 1709 1041 1750 et
1054 1716 1145 1751 ornnes
1155 1699 1188 1751 ab
1201 1699 1248 1752 illo

190 1779 303 1834 editores
315 1779 482 1852 adoptarere.
499 1779 637 1832 Consentis
651 1777 779 1831 Ottobon.
793 1776 904 1830 Bedenii
916 1795 978 1830 cum
990 1777 1110 1830 Etrusco

231 1860 296 1929 073.
311 1861 415 1932 Fertque
427 1879 489 1932 quse.
502 1858 563 1910 Non
576 1875 664 1930 operte
676 1857 792 1928 pretium
807 1870 846 1910 est
857 1855 892 1910 de
906 1856 984 1910 MSS.
998 1855 1125 1910 disserere
1137 1858 1185 1929 qui
1197 1861 1250 1925 sert

191 1959 288 2011 quaque
302 1941 404 2008 sutsert
414 1959 477 2012 quse,
491 1937 628 1992 manifeste
641 1935 811 1989 librariorum
822 1936 997 2007 negligentis,
1008 1936 1116 1990 hubent.
1124 1969 1161 1978 -
1170 1938 1249 1990 Ferri.

191 2020 223 2070 ln
233 2019 356 2072 omnibus
368 2019 443 2072 MSS.
457 2030 482 2071 et
494 2018 627 2088 plerisque
644 2014 707 2069 edd.
724 2028 788 2069 vett.
795 2015 861 2086 fieri.
878 2013 931 2068 Sed
942 2018 1007 2083 serri
1020 2016 1049 2068 iu
1062 2014 1250 2087 Lugdunensi,

191 2097 264 2168 quod
286 2111 395 2152 testetur
415 2097 539 2169 llsphel„
555 2097 584 2149 in
603 2096 693 2150 multis
712 2095 784 2148 Delr.
805 2094 955 2159 codicibus,
975 2096 1003 2147 in
1022 2097 1129 2148 Arcens.
1145 2096 1249 2168 Gryph.

192 2178 268 2232 Grut.
283 2179 378 2232 Heins.
393 2179 512 2234 Gronov.
528 2177 587 2248 Bip.
603 2175 680 2230 Both.
696 2187 723 2228 et
736 2172 835 2228 Beden.
851 2173 926 2228 editt.
938 2175 1080 2245 scriptum,
1095 2193 1156 2227 curn
1174 2177 1250 2230 solitu

191 2257 293 2312 Seneca
301 2257 420 2311 dictione
432 2268 572 2321 consonet,
585 2275 644 2328 quse
655 2255 871 2325 oppositionibus
884 2267 910 2306 et
925 2254 1060 2308 antithetis
1072 2253 1176 2326 gaudet.

233 2357 297 2410 077.
311 2339 419 2401 Remees,
433 2356 526 2408 precor.
542 2336 643 2396 Omnes
656 2335 690 2388 sd
702 2352 786 2387 unum
802 2334 878 2388 MSS.
892 2334 976 2387 nostri
986 2373 994 2399 ,
1006 2353 1098 2387 omnes
1111 2333 1172 2388 edd.
1189 2347 1250 2388 unte

192 2417 376 2484 Gronovium,
387 2437 471 2469 remees
486 2419 541 2468 tuis.
552 2417 591 2468 Ex
603 2415 686 2486 Lipeii
699 2415 777 2476 libro,
789 2413 942 2467 Gronovius
953 2433 1053 2476 remees,
1067 2433 1153 2484 precor
1168 2415 1251 2468 textui

192 2498 296 2563 intulit,
307 2496 380 2570 qnod
394 2497 521 2550 ncunctis
535 2494 632 2549 deinde
645 2507 781 2566 receptum
792 2506 830 2546 est
846 2494 932 2546 :hunc
945 2507 972 2547 et
986 2493 1185 2547 coelestionem
1203 2492 1251 2548 nd·

192 2578 324 2643 misimus,
338 2579 400 2648 quis
415 2577 461 2630 vix
475 2575 586 2629 latinum
600 2573 749 2646 judicamus
764 2593 866 2626 remeom
880 2574 961 2625 alicui.

233 2677 297 2729 079.
319 2658 447 2728 Depuircs.
466 2654 572 2726 Lipsius
589 2673 605 2707 e
622 2653 714 2707 codice
734 2671 782 2705 sno
802 2653 919 2722 dispulsas
938 2652 1044 2716 extulit,
1063 2652 1138 2725 quod
1160 2654 1252 2707 Delrio

192 2755 298 2809 quoqne
304 2756 334 2790 ex
343 2738 554 2790 membrnusrum
562 2734 676 2805 vestigiis
684 2733 766 2798 eruit,
778 2732 932 2785 Gronovius
939 2731 966 2786 in
975 2732 1142 2798 Florentino,
1152 2731 1252 2786 Bedeu.

193 2818 219 2870 in
239 2837 292 2872 uno
306 2817 447 2870 Christinm
461 2811 647 2885 deprehendit.
662 2813 719 2866 Cic.
735 2811 843 2865 Tuscul.
860 2824 950 2882 queret.
965 2812 993 2876 l,
1007 2815 1042 2865 06
1056 2829 1062 2863 :
1079 2837 1090 2858 ι
1100 2812 1144 2865 As
1156 2815 1250 2876 animo,

193 2909 304 2970 tunquam
315 2896 346 2948 oh
357 2896 431 2948 oeulis
442 2897 567 2964 caliginem
578 2893 677 2963 dispulit
683 2933 691 2956 ,
705 2903 732 2943 nt
744 2895 823 2943 omnin
836 2909 931 2962 supero,
948 2893 1035 2958 insero,
1047 2895 1135 2961 pmmn,
1153 2892 1236 2943 ultima
1242 2933 1250 2956 ,

194 2977 268 3030 medio
277 2976 418 3028 videremur.
431 3001 443 3022 ι
464 2971 566 3027 Pbssdr.
580 2973 636 3036 111,
654 2991 701 3036 ro,
716 2977 750 3034 40
768 2988 775 3022 :
793 2971 942 3023 «Tenebras
953 2969 1063 3041 dispulit
1076 2971 1223 3023 cetumnies.
1236 2997 1248 3018 ι

233 3059 296 3110 080.
310 3056 387 3108 Nulla
402 3059 424 3106 si
438 3066 501 3105 retro
513 3057 566 3105 niu.
581 3053 657 3105 Mss.
674 3064 700 3103 et
714 3048 789 3103 editt.
803 3062 864 3104 ante
879 3051 1047 3103 Gronovium
1062 3051 1129 3102 nulio
1143 3054 1167 3101 si
1175 3053 1254 3103 uetito

193 3140 244 3198 nis,
264 3133 338 3208 qnod
354 3133 544 3206 reposuissem,
563 3133 586 3186 si
604 3134 693 3194 uetito,
714 3130 875 3201 ceteroquin
893 3148 1035 3182 nervosum
1053 3141 1079 3182 et
1098 3147 1171 3194 scre,
1190 3131 1252 3183 sutis

193 3214 345 3276 definitum,
364 3233 420 3268 uon
439 3211 472 3265 sd
490 3212 668 3283 integritatem
681 3227 788 3275 sensus,
803 3207 848 3262 sed
864 3207 898 3261 sd
911 3209 999 3262 isdum
1016 3207 1106 3261 saltem
1126 3207 1251 3262 dictionis

193 3295 390 3358 celebritatem,
404 3293 490 3346 visum
505 3292 605 3344 fuisset.

233 3374 431 3429 281.Diducto.
449 3375 480 3424 ln
498 3371 570 3423 Delr.
586 3370 695 3440 Egvinu.
712 3369 825 3429 redemto,
843 3368 871 3420 in
887 3367 1009 3437 Mognnt.
1029 3377 1055 3419 et
1076 3365 1188 3438 Herbip.
1209 3369 1252 3419 de·

193 3455 278 3518 ducto,
293 3466 324 3507 ut
336 3454 364 3506 irs
380 3453 474 3506 Puriss.
488 3449 577 3514 8035,
594 3449 681 3512 8036,
695 3448 779 3518 8037,
793 3451 884 3514 8060,
898 3445 1030 3511 806οςἱο
1047 3446 1137 3509 8034,
1153 3447 1252 3501 moneo.

233 3535 299 3588 083.
316 3535 420 3586 Dirutis.
437 3531 528 3584 Lectio
545 3530 663 3601 quinque
680 3527 755 3580 MSS.
773 3527 869 3580 nostris
885 3537 911 3578 et
926 3523 1026 3578 Isonrd
1041 3524 1127 3596 AEgid.
1145 3528 1251 3579 Arcens.

193 3614 285 3666 Arent.
297 3612 374 3666 editt.
386 3612 490 3664 lirmsta
501 3629 508 3662 ε
521 3610 549 3661 in
560 3609 634 3661 MSS.
651 3607 743 3678 6395,
758 3609 848 3672 8004,
863 3607 937 3659 8006
947 3645 955 3670 ,
966 3608 1054 3672 8009,
1069 3604 1154 3671 8036,
1167 3606 1255 3672 8060,

193 3705 220 3745 et
232 3694 258 3745 in
273 3691 349 3746 editt.
362 3692 440 3745 Fern.
455 3702 481 3743 et
493 3689 588 3742 Philol.
602 3688 711 3758 atneptis.
1224 3747 1226 3755 s

232 3773 297 3826 085.
313 3771 415 3824 Stetisti.
429 3769 503 3822 MSS.
520 3767 613 3832 8005,
630 3770 721 3832 8006,
738 3768 824 3836 8007,
840 3763 927 3829 8030,
944 3764 1037 3828 8034,
1055 3764 1148 3827 8036,
1167 3765 1255 3829 8055,

192 3852 281 3918 8060,
298 3853 393 3916 8064,
408 3869 469 3904 cnm
482 3849 604 3918 Mognnt.
621 3859 648 3898 et
663 3845 725 3898 edit.
742 3846 839 3898 Philol.
849 3845 941 3910 J‘ecish,
957 3842 1029 3915 qnod
1044 3844 1152 3896 metrics
1170 3845 1227 3915 lege
1241 3865 1254 3898 a

193 3949 267 3984 versu
277 3930 436 3996 excluditur.
446 3929 523 3982 Fero.
534 3924 637 3980 lscsrd.
646 3923 734 3997 AEgid.
746 3925 823 3978 Febr.
834 3925 945 3996 Rspbel.
956 3923 1085 3978 Commel.
1095 3923 1166 3976 Deir.
1177 3924 1256 3977 Grut.

191 4009 281 4064 Heius.
294 4012 379 4064 Scrir.
391 4022 418 4062 et
429 4008 488 4061 MS.
497 4007 580 4061 Puris.
592 4009 683 4068 8060,
696 4005 795 4067 dedisti,
808 4002 883 4076 quod
895 4021 973 4057 seusu
985 4023 1039 4056 non
1052 4016 1130 4056 neret.
1143 4003 1195 4056 Sed
1209 4023 1255 4056 nn·

192 4103 289 4160 tepono
296 4094 391 4152 stetisti,
405 4090 432 4141 in
441 4087 517 4140 MSS.
530 4086 624 4138 Perire.
638 4084 715 4149 8031,
726 4084 811 4149 8030,
823 4083 909 4148 8035,
920 4083 1004 4156 8037,
1015 4085 1094 4148 8060,
1103 4094 1130 4136 et
1139 4083 1167 4135 in
1177 4081 1254 4136 editt.

192 4170 287 4222 Arent.
300 4170 379 4222 Vinn.
392 4167 498 4239 Gryph.
512 4157 678 4238 (quenquam
690 4164 718 4216 in
731 4165 849 4234 margine
862 4161 959 4227 dedisti)
973 4165 1043 4217 Petr.
1055 4154 1214 4233 (quenquam
1228 4164 1256 4214 in

192 4250 308 4320 magius
313 4247 407 4317 serr'sti)
418 4248 536 4302 Gronov.
550 4245 610 4318 Bip.
622 4245 702 4298 Both.
714 4256 741 4298 et
749 4241 815 4298 Bsd.
827 4243 971 4316 scriptum
982 4242 1081 4314 dequo
1091 4242 1253 4297 Gronovius:
