3210 5140
322 539 327 552 ·
402 521 471 594 192
590 497 646 566 IN
673 499 957 570 HERCULEM
983 501 1263 570 FURENTEM

437 629 503 699 778.
517 627 598 679 Victa.
609 626 702 698 Longe
714 627 808 680 melius
821 641 848 680 et
862 627 1052 699 significantius
1065 647 1145 700 quem
1158 642 1240 693 vasta,
1254 631 1328 702 quod
1341 633 1370 686 in
1384 635 1462 690 MSS.

395 722 420 761 et
434 707 509 761 editt.
523 719 583 760 unte
595 707 762 760 Gronovinm
775 707 871 778 legitur
886 725 894 759 ε
908 711 975 759 uicta
986 727 1018 761 ex
1031 709 1149 763 Floreut.
1163 709 1290 764 eductum
1303 725 1353 766 est.

436 807 501 858 779.
524 787 604 849 Multo
624 791 649 837 iu
667 787 737 840 tetta.
755 787 829 839 Vett.
850 785 912 840 edd.
933 787 1011 840 Fero.
1031 787 1132 842 Isosrd.
1153 789 1239 860 AEgid.
1260 791 1332 845 Phil.
1353 794 1461 847 Asceus.

396 869 491 920 Arent.
506 885 566 918 cum
579 864 745 938 undeviginti
759 865 852 918 Parius.
867 867 942 918 multo
955 867 1026 921 tetta.
1036 868 1142 940 Lipsius
1152 870 1239 923 voluit
1250 870 1353 942 primns
1364 870 1462 926 adden·

396 945 457 1000 dum
469 947 589 999 voculam
603 950 638 1009 iu,
657 963 671 996 e
687 957 738 998 vet.
755 945 832 997 libro.
849 946 940 999 Delrio
952 945 980 999 in
991 947 1118 1018 Lugdun.
1133 949 1235 1002 invenit
1247 950 1369 1014 addetis,
1387 951 1459 1022 quod

394 1026 491 1080 deiude
505 1025 533 1078 in
549 1025 624 1078 editt.
644 1024 748 1095 Grypb.
766 1025 897 1078 Commel.
914 1025 991 1078 Grut.
1007 1027 1097 1080 Heius.
1117 1028 1196 1081 Furn.
1215 1042 1242 1082 et
1257 1029 1341 1101 Thys.
1358 1030 1436 1085 fluxit
1453 1051 1460 1085 :

396 1107 448 1160 hoc
462 1123 570 1177 quoqne
584 1105 611 1156 in
629 1104 686 1156 MS.
703 1116 795 1158 nostro
812 1106 898 1168 8264.
915 1105 1067 1160 Gronovius
1081 1120 1168 1160 sutem
1180 1108 1334 1180 Lipsinnnm
1348 1109 1370 1161 F
1372 1111 1460 1164 loren-

396 1186 445 1240 tiui
460 1183 558 1237 codicis
575 1184 731 1237 auctoritato
745 1183 876 1249 firmavit,
889 1197 967 1254 utque
982 1185 1089 1256 bipont.
1106 1187 1185 1242 Both.
1199 1201 1226 1241 et
1237 1187 1338 1242 Beden.
1354 1193 1379 1242 ier
1398 1191 1458 1242 bellu

395 1264 512 1319 edidere.
1108 1285 1111 1288 ·

437 1347 504 1414 784.
524 1345 608 1396 Trina.
623 1343 717 1406 Multi,
731 1355 806 1394 terna.
917 1333 918 1339 ἵ

436 1427 501 1494 786.
520 1423 641 1478 colubra.
659 1422 726 1486 Alii,
741 1423 856 1476 colubri:
873 1421 918 1476 sed
936 1423 964 1474 in
980 1426 1183 1491 vetustioribus,
1200 1427 1458 1490 colsebrce,.ieminino

394 1523 504 1576 genere,
524 1500 597 1574 quod
616 1501 788 1572 scriptoribus
807 1502 895 1556 latinis
916 1503 996 1574 magis
1015 1506 1109 1577 placet.
1130 1538 1170 1548 -
1191 1508 1306 1558 Horrent.
1330 1507 1408 1560 Fern.
1432 1520 1458 1560 et

395 1583 480 1655 AEgid.
496 1584 593 1634 ltoerertt.

435 1681 501 1734 79⁰·
512 1663 581 1714 Aure
591 1660 707 1713 submotu.
722 1663 753 1713 In
763 1661 837 1714 MSS.
848 1662 945 1716 nostris
955 1676 981 1716 et
989 1675 1053 1716 vett.
1063 1663 1126 1717 'edd
1138 1665 1253 1735 subjecta,
1267 1663 1341 1736 quod
1353 1666 1457 1736 Lipsius

395 1743 507 1797 mutavit
519 1741 547 1794 in
559 1741 684 1803 srebrecta,
699 1760 755 1793 non
769 1759 802 1794 ex
812 1739 916 1806 codice,
931 1753 961 1795 ut
974 1741 1077 1810 putavit
1092 1744 1239 1810 Gruterus,
1253 1743 1299 1798 sed
1312 1763 1346 1798 ex
1360 1744 1456 1816 judicio

395 1837 497 1878 tentum
513 1840 570 1874 suo.
585 1821 676 1873 Delrio
689 1819 839 1892 lipsiensm
853 1819 1065 1888 emendationem
1080 1821 1207 1876 laudavit.
1223 1824 1333 1878 Gruter.
1350 1824 1457 1896 qtritlem

394 1905 450 1974 ejus
464 1904 644 1971 conjecturum
659 1919 714 1953 non
730 1899 853 1964 damnet,
868 1920 948 1971 quem
963 1920 1018 1953 uno
1033 1921 1144 1956 suorum
1161 1903 1240 1956 etism
1254 1904 1413 1970 confirmet,
1429 1906 1456 1956 in

394 2003 447 2054 quo
459 1994 565 2034 surrecta
580 1978 648 2033 :sed
666 1998 721 2032 non
738 1977 819 2032 sudet
834 1981 942 2051 rejicere
954 1981 1095 2036 lectionem
1110 1983 1245 2054 antiquum
1257 1984 1380 2053 subjectu,
1397 1985 1457 2056 quia

393 2061 519 2116 videntur
535 2059 635 2131 epponi
650 2061 722 2110 cumis
738 2060 854 2123 sublatis,
875 2080 943 2112 arem
960 2059 1091 2130 subjectas,
1113 2076 1139 2114 et
1153 2081 1230 2116 cenes
1247 2064 1364 2128 soleant,
1378 2076 1409 2116 ut
1426 2083 1456 2116 ex

393 2144 541 2214 longinquo
570 2158 664 2192 sonum
689 2139 867 2209 persentiunt,
887 2140 995 2192 auribus
1016 2152 1043 2193 et
1066 2142 1149 2195 oculis
1175 2143 1310 2196 submissis
1332 2142 1455 2196 eumdem

393 2222 467 2294 quusi
485 2219 584 2272 veneri.
602 2220 684 2270 Recte
703 2217 843 2288 respondit
860 2219 1012 2273 Gronovius
1028 2220 1143 2292 subjicere
1161 2223 1241 2274 oculos
1257 2223 1299 2275 vel
1314 2243 1384 2275 utem
1403 2243 1457 2276 non

361 2317 364 2324 ·
392 2301 448 2356 esse
464 2298 535 2353 idem
547 2317 578 2352 sc
593 2298 728 2350 submittere
741 2298 783 2350 vel
794 2299 903 2368 dejicere,
919 2310 946 2351 et
961 2299 1086 2364 subrecta,
1102 2301 1130 2354 iu
1143 2302 1256 2354 Etrusco
1271 2321 1379 2374 quoque
1393 2304 1456 2356 scri·

394 2395 488 2454 ptum,
502 2377 585 2432 textui
598 2377 707 2430 demum
719 2373 817 2430 intulit.
1184 2427 1186 2432 ,

435 2479 502 2532 79².
515 2461 596 2513 Autru
612 2457 681 2509 sedit.
699 2457 831 2509 Nonnulli
846 2459 909 2510 cedit
923 2479 933 2511 .·
947 2458 1030 2524 mule;
1047 2479 1108 2512 nem
1129 2488 1140 2508 ι
1151 2461 1172 2514 si
1186 2461 1302 2515 cessisset
1317 2462 1407 2527 cenis,
1421 2463 1456 2514 eit

394 2539 589 2602 Commeliuus,
606 2537 730 2600 Herculi,
743 2549 837 2608 utpote
857 2537 947 2609 lugeto
964 2538 1136 2604 boste,nibil
1153 2553 1209 2592 erut
1227 2540 1405 2594 timendum».
1421 2543 1456 2593 At

395 2639 470 2673 versu
486 2617 596 2671 demum
613 2619 666 2681 804
685 2628 755 2668 antro
775 2617 844 2672 sedit.
862 2618 921 2671 Nic.
940 2619 1078 2684 Heinsius,
1094 2619 1206 2682 absone,
1226 2634 1256 2673 ut
1271 2621 1356 2686 solet,
1374 2641 1399 2672 se
1414 2621 1457 2672 dat

394 2699 537 2775 proponit,
551 2694 623 2768 quod
636 2696 678 2748 vix
690 2696 860 2767 intelligatur.
873 2727 914 2738 -
923 2698 1038 2751 Incertus.
1053 2698 1134 2751 Puris.
1149 2702 1239 2768 8029,
1254 2703 1349 2752 uetitus.

435 2778 501 2849 793.
518 2779 622 2848 Uterque
633 2780 717 2828 timuit.
732 2778 772 2829 De
782 2778 933 2847 conjecturs
945 2777 1054 2843 Bothei,
1067 2776 1122 2830 vid·
1136 2792 1192 2832 not.
1206 2797 1235 2848 p.
1250 2781 1296 2848 98.

434 2865 501 2928 794.
514 2859 579 2908 Meu
589 2868 662 2908 muta.
676 2853 764 2925 AEgid.
776 2856 828 2908 loca
840 2855 923 2908 multu.
934 2890 976 2899 —
988 2859 1069 2910 Totus.
1082 2857 1125 2910 Sic
1137 2857 1257 2928 plerique
1268 2859 1342 2911 MSS.
1355 2871 1382 2912 et
1394 2857 1454 2912 edd.

392 2953 456 2995 vett.
470 2937 574 2990 Primus
588 2931 732 2988 Scriverius
746 2947 820 2987 tortos
833 2935 936 3000 intulit,
948 2954 1090 3006 operarum
1102 2934 1185 3000 vitio,
1198 2937 1219 2988 si
1233 2935 1351 2990 Budenio
1365 2939 1455 2991 crede·

395 3036 447 3074 tur.
461 3019 524 3070 Htec
536 3029 623 3069 temen
635 3015 713 3067 lectio
724 3014 752 3066 in
762 3014 856 3087 Thysii
869 3028 895 3066 et
908 3015 1039 3068 Gronovii
1050 3012 1112 3068 edd.
1126 3016 1237 3069 transiit.
1252 3018 1381 3088 Reposuit
1395 3030 1454 3070 totos

392 3103 447 3154 Juc.
463 3095 623 3152 Gronovius.
638 3094 712 3146 Nihil
723 3095 809 3148 refero
824 3092 857 3146 de
872 3093 1236 3167 totus,quodFern.1soerd.
1252 3096 1340 3167 AEgid.
1356 3096 1417 3150 edd.
1430 3110 1455 3149 et

393 3179 487 3233 Pariss.
506 3179 595 3239 8026,
617 3175 703 3237 8035,
719 3175 794 3245 8037
809 3175 916 3228 hubent.

434 3277 499 3330 797.
516 3257 598 3308 Feros.
613 3253 773 3324 Recepimus
785 3253 927 3306 lectionem
939 3255 1046 3307 Ascetm
1059 3254 1154 3306 Arent.
1167 3255 1248 3308 Visst.
1263 3255 1369 3327 Grypli.
1384 3257 1452 3309 Petr.

393 3339 495 3393 Febris.
517 3335 628 3406 Rupbel.
648 3333 775 3388 Commel.
796 3333 869 3386 Delr.
887 3333 943 3386 Juc.
964 3333 1085 3387 Gronov.
1104 3333 1212 3404 Bipont.
1231 3335 1309 3388 ilotb.
1330 3335 1453 3400 Budenii,

393 3438 471 3491 00010
486 3428 595 3470 tuentur
607 3414 700 3466 Psriss.
715 3415 793 3466 8030
805 3425 832 3465 et
847 3414 931 3466 8031.

433 3503 496 3553 801.
512 3497 594 3548 liutet.
609 3496 715 3548 Ascens.
732 3505 758 3544 et
772 3493 876 3566 Grypb.
890 3492 918 3543 in
930 3510 1012 3562 marg.
1029 3505 1120 3546 rotans.

433 3578 500 3630 803.
514 3577 610 3627 Lassus.
624 3572 718 3626 Psriss.
734 3577 824 3637 8024,
837 3575 926 3638 8029,
940 3571 1029 3635 8030,
1042 3573 1136 3638 8033,
1149 3574 1241 3630 803⁵.
1258 3576 1349 3637 8²61,
1364 3577 1451 3637 8264,

392 3659 416 3709 lu
425 3677 480 3709 rsus.

414 3678 489 3799 l804
515 3735 642 3804 Antrupue
657 3745 716 3784 toto.
731 3729 793 3784 vid.
811 3743 866 3783 not.
881 3751 909 3802 p.
926 3749 972 3799 99.

434 3818 495 3870 805.
517 3813 629 3884 Uterque·
651 3813 730 3865 Multi
751 3811 826 3864 MSS.
846 3811 989 3880 inquibus
1009 3811 1134 3864 nonnulli
1155 3811 1288 3863 Delriouis
1304 3824 1332 3864 et
1343 3812 1451 3864 Vereor.

330 3889 332 3894 ¹
393 3893 518 3955 Bedenii,
533 3904 656 3963 utrumque
672 3891 812 3955 exhibent,
826 3887 899 3960 quod
911 3889 1040 3942 referetur
1052 3889 1084 3942 sd
1100 3879 1247 3943 Cerberum
1262 3903 1288 3942 et
1303 3891 1451 3944 Herculem.

393 4005 432 4016 -·
445 3973 519 4024 Duri.
533 3971 647 4024 Volebat
659 3971 718 4025 Nic.
736 3970 861 4023 Heinsius
877 3969 954 4024 educi.
1304 4007 1308 4012 .

432 4056 499 4121 807.
513 4051 578 4103 Tunc
587 4055 682 4118 puras,
696 4063 746 4103 etc.
758 4051 879 4102 Metuens
892 4049 971 4101 Roth.
982 4067 1017 4099 ne
1027 4049 1079 4100 hoc
1092 4046 1146 4101 dici
1159 4047 1281 4102 videntur
1294 4047 1327 4102 de
1341 4050 1453 4102 Plutone

392 4147 417 4184 et
431 4129 587 4200 Proserpina
600 4126 721 4202 (propter
733 4127 915 4182 antecedentia
927 4127 1006 4180 verbu
1021 4147 1103 4180 munus
1115 4128 1213 4181 Atride
1223 4128 1299 4191 dedit,
1313 4128 1371 4180 duci
1373 4128 1450 4198 jubet,

390 4230 449 4282 qne
462 4208 494 4264 nd
506 4210 645 4263 Plutonem
659 4221 686 4261 et
698 4209 883 4279 Proserpinam
895 4203 1035 4279 spectent),
1047 4206 1126 4260 scribi
1139 4207 1214 4261 mslit
1231 4209 1256 4260 T
1253 4225 1292 4263 um
1304 4209 1342 4259 luc
1351 4212 1451 4278 purte:
