3118 5138
263 467 583 539 TESTIMONIA
608 467 994 550 sucronemne.
1042 535 1047 546 ,
1087 466 1152 562 clrj
1221 527 1225 539 t

99 622 222 666 mecum
241 621 324 690 saepe
345 615 518 688 reputans,
541 620 577 662 ea
595 599 718 664 ratione
744 596 854 662 fecisse
878 595 1090 678 crediderim,
1119 618 1156 664 ut

99 711 223 772 Senecae
236 728 347 796 parem
363 707 496 794 gratiam
510 706 662 785 referret,
675 704 732 792 qui
745 703 981 786 Quintilianum
995 705 1157 771 Declama-

101 831 218 894 torem,
233 813 326 894 cujus
339 810 447 876 adhuc
464 811 629 876 nonnullae
640 825 766 876 exstant
777 810 1041 894 Declanrationes,
1052 813 1156 877 acrius

100 935 189 984 antea
211 919 317 982 fixerat
341 918 525 982 insectatus.
542 1001 545 1006 Ι
560 917 696 982 Secutus
724 930 773 980 est
793 915 929 1004 Fabium
956 917 1097 999 Gellius,
1120 936 1158 983 ut

101 1023 224 1089 ridetur
240 1024 275 1087 in
293 1022 453 1088 Noctibus
465 1024 598 1105 Atticis,
615 1022 672 1087 sed
683 1023 890 1111 petulantius.
909 1022 1031 1087 Verum
1044 1025 1105 1088 hac
1117 1024 1158 1093 de

102 1154 133 1196 re
143 1153 210 1195 non
228 1147 277 1195 est
290 1131 325 1194 in
339 1131 507 1218 presentia
518 1128 648 1195 dicendi
660 1128 760 1194 locus.
774 1129 894 1193 Seneca
907 1130 1007 1218 igitur
1019 1147 1157 1220 uterque

102 1238 230 1326 patriam
246 1235 362 1300 babuit
380 1234 567 1301 Cordubam
583 1235 760 1324 Hispaniae,
787 1233 886 1298 hodie
909 1258 1041 1324 quoque
1066 1239 1160 1302 nobi·

104 1343 179 1418 lem,
190 1363 230 1406 ex
247 1341 365 1405 Annaea
380 1340 500 1430 insigni
515 1340 650 1420 familia,
663 1362 702 1404 ex
720 1361 783 1427 qua
794 1338 919 1427 aliquot
933 1339 1045 1406 eadem
1059 1345 1159 1406 ferme

104 1463 188 1512 atate
205 1446 265 1510 riri
279 1463 313 1510 et
325 1445 472 1510 doctrina
488 1460 520 1508 et
536 1445 684 1510 moribus
700 1445 776 1508 clari
792 1443 1001 1533 prodierunt:
1023 1461 1086 1512 tres
1102 1449 1160 1512 sci·

104 1554 172 1618 licet
194 1553 227 1616 in
255 1551 368 1640 primis
387 1552 517 1630 fratres,
543 1552 684 1616 Aunaetm
705 1550 844 1631 Seneca,
868 1554 1009 1615 Annaeus
1036 1551 1158 1634 Gallio,

105 1661 239 1723 Annuus
252 1657 351 1722 Mela·
366 1656 451 1721 Hinc
467 1679 579 1721 versus
595 1656 647 1720 ille
660 1655 830 1720 Martialis:

238 1813 272 1866 Et
283 1811 356 1866 docti
368 1811 476 1868 Seneca
489 1824 529 1865 ter
543 1811 706 1865 numeranda
718 1811 821 1864 domus.

148 1963 186 2027 Et
194 1962 290 2028 exhis
301 1961 423 2026 Seneca
434 1960 487 2025 hic
495 1961 666 2050 Tragicus,
677 1959 761 2025 Mela
772 1959 982 2049 Pomponius,
995 1963 1158 2046 Lucanus,

106 2068 165 2133 alii.
177 2049 251 2150 Quo
264 2082 373 2131 autem
386 2066 500 2130 mortis
513 2087 629 2154 genere
641 2065 796 2155 Tragicos
808 2066 861 2128 bic
874 2081 969 2153 poeta
984 2067 1159 2152 interierit,

107 2197 213 2262 parum
229 2189 455 2262 compertum:
474 2193 549 2236 nam
566 2170 606 2235 de
622 2172 764 2254 seniore,
781 2172 947 2236 notissima
963 2189 1011 2237 est
1025 2175 1159 2242 historia

109 2279 189 2368 apud
206 2279 394 2344 Cornelium
413 2277 582 2358 Tacitum,
598 2298 696 2365 quam
713 2299 892 2364 numquam
914 2299 966 2341 me
981 2279 1050 2343 sin'e
1063 2279 1160 2370 lacry-

111 2387 165 2450 mis
178 2385 288 2476 legisse
303 2384 447 2448 memini.
469 2384 562 2465 Quot
582 2384 677 2448 etiam
696 2381 862 2472 tragoedias
878 2383 1044 2467 docuerit,
1062 2387 1161 2451 haud·

110 2512 261 2580 quaquam
274 2479 451 2578 proditum.
468 2487 609 2571 Quidam
622 2489 708 2553 enirn
722 2487 780 2552 has
796 2504 941 2571 tanturn,
957 2511 1029 2578 quae
1045 2491 1078 2555 in
1098 2514 1161 2556 ma·

111 2595 198 2660 uibus
214 2595 389 2677 habentur,
404 2594 605 2684 existimant3
622 2594 674 2658 alii
690 2594 807 2682 plures.
832 2594 989 2660 Nonnulli
1005 2619 1066 2662 nec
1083 2590 1160 2678 bas,

111 2723 175 2788 quse
189 2701 353 2792 leguntur,
368 2700 465 2766 unius
482 2721 551 2764 esse
564 2698 705 2764 hominis
719 2701 927 2784 arbitrantur,
945 2701 1002 2767 sed
1019 2702 1161 2770 diverso·

110 2807 245 2889 rum,ob
258 2805 450 2895 quamdam,
470 2827 566 2894 quam
583 2806 642 2894 ipsi
659 2807 821 2888 sentiunt,
838 2808 910 2894 styli
929 2807 1156 2876 differentiam.
1191 2793 1193 2803 ,

110 2913 196 2977 Certe
212 2913 245 2976 in
265 2913 370 3002 prima
390 2909 543 3001 tragoedia
562 2910 771 2996 (Herufur.)
797 2934 907 2977 versus
929 2914 1053 3001 aliquot
1073 2936 1161 3002 repe·

113 3019 354 3108 riunmr,quiet
365 3017 452 3105 apud
465 3019 626 3083 seniorem
637 3018 802 3108 leguntur,
1053 3005 1059 3024 ⁸

235 3161 295 3215 Duc
308 3178 353 3213 me
365 3179 462 3234 pareus
474 3161 623 3234 summique
636 3160 784 3216 dominator
794 3161 866 3233 poli,
885 3173 933 3215 etc.

151 3315 228 3382 Sunt
242 3339 319 3382 vero
335 3318 386 3381 hae
397 3334 482 3400 octo,
490 3342 563 3406 quae
576 3319 610 3382 in
625 3302 775 3383 manibus
790 3340 808 3381 a
824 3319 985 3407 plerisque
1003 3342 1092 3387 nunc
1106 3322 1161 3388 ha·

111 3419 232 3502 beutur,
248 3423 329 3486 mira
342 3422 575 3487 sententiarum
590 3439 622 3488 et
634 3445 744 3488 rerum
762 3422 909 3488 ubertate
925 3423 1070 3491 referte:
1089 3451 1161 3517 quae

109 3543 284 3592 restantem
297 3528 344 3591 eis
354 3527 489 3593 fortasse
498 3530 723 3594 auctoritatem
733 3529 954 3618 superioribus
970 3533 1063 3597 annis
1073 3535 1161 3624 apud

106 3645 207 3718 patres
222 3647 351 3696 nostros
361 3649 608 3722 compararunt:
622 3632 814 3723 aplerisque
826 3636 913 3700 enim
925 3636 990 3702 hoc
1005 3653 1161 3729 tempore,

106 3735 163 3823 qui
172 3737 253 3800 naris
262 3738 471 3805 emunctioris
483 3760 552 3804 esse
563 3739 798 3822 existimantur,
807 3741 841 3805 in
852 3741 1000 3808 ordinem
1009 3745 1165 3834 quodam·

105 3839 204 3906 modo
210 3841 411 3934 rediguntur.
417 3843 536 3910 Fabius
548 3843 681 3933 quidem
691 3846 826 3910 necillas
837 3869 1039 3914 succensura
1049 3849 1162 3942 dignas

103 3963 233 4034 putasse
242 3949 329 4018 visus
341 3967 408 4016 est:
422 3952 547 4016 tametsi
564 3951 681 4016 alicubi
695 3967 824 4017 tantum
836 3951 983 4018 Medeam
995 3957 1160 4022 nominat:

103 4051 238 4140 quidam
254 4077 289 4120 ea
301 4079 395 4122 causa
409 4056 443 4122 id
459 4059 579 4123 factum
593 4074 715 4140 rentur,
731 4056 820 4146 quod
834 4057 887 4124 hic
905 4060 1025 4126 Seneca
1043 4062 1163 4128 viveret

111 4147 116 4162 ⁸
183 4163 212 4227 Ῑ.
235 4179 308 4226 Sem.
317 4193 372 4242 pers
387 4183 459 4228 unia.
1033 4167 1049 4235 l
