3090 5142
373 481 456 575 lxxij
635 477 880 548 HISTOlllCA
904 477 961 544 ET
985 475 1165 545 CRlTICA

367 606 545 672 tentionem
563 599 719 689 depingit.
740 600 778 662 In
798 597 854 661 illo
873 596 1039 685 Hippolyti
1057 597 1203 660 animum
1225 591 1335 660 nutrix
1356 619 1446 684 per·-

369 728 472 780 tentat
487 722 730 792 scrutaturque,
748 704 905 767 insciente
923 701 1073 784 Phaedra,
1091 723 1178 790 quae,
1197 723 1299 788 quum
1318 725 1446 790 super.

370 819 492 897 veniat,
513 813 627 879 ultima
651 809 907 896 colloquentium
927 808 1025 872 verba
1047 807 1180 894 excipit,
1202 808 1447 896 cognoscitque

369 947 459 1014 spem
484 921 574 1001 juxta
600 933 632 980 et
656 916 815 978 honorem
846 913 906 976 sibi
932 913 1071 1002 periisse.
1106 912 1215 976 Scenae
1245 913 1366 1001 quibus
1397 936 1445 978 ea

368 1029 588 1105 continentur,
604 1022 649 1085 ita
672 1034 749 1084 sunt
771 1017 941 1100 dimensae,
964 1035 1002 1082 ut
1022 1017 1104 1082 nihil
1126 1015 1298 1082 redundet.
1311 1019 1446 1082 Seneca

369 1154 501 1202 cursum
532 1121 763 1204 circumducit,
794 1119 850 1186 sed
883 1145 950 1210 quo
983 1121 1107 1186 facilius
1135 1121 1169 1184 in
1199 1119 1444 1210 descriptiones

369 1235 703 1319 declamationesque,
737 1227 856 1315 quibus
895 1226 1039 1316 gaudet,
1085 1225 1213 1291 incidat.
1253 1227 1447 1291 Exhibetus·

370 1343 503 1410 Phaedra
519 1355 592 1403 toro
611 1332 755 1413 reclinis,
771 1331 974 1419 amictusque
990 1330 1158 1412 describit,
1175 1329 1293 1419 quibus
1306 1353 1343 1396 se
1360 1353 1444 1419 gra-

368 1450 484 1514 tiorem
499 1441 676 1531 Hippolyto
691 1437 762 1502 fore
780 1436 975 1502 arbitratur:
1012 1445 1015 1452 ’
1090 1501 1094 1508 ,

507 1574 667 1628 Rectorem,
680 1563 800 1625 famule,
819 1579 941 1634 purpura
956 1575 1035 1635 atque
1048 1579 1115 1616 sum
1127 1560 1205 1616 illitas

510 1659 602 1710 Vestes
616 1671 623 1706 t
642 1652 734 1724 procul
745 1651 780 1703 sit
791 1651 901 1704 muricis
910 1650 985 1722 Tyrii
999 1651 1092 1716 rubor,

508 1742 575 1807 Quo
585 1737 629 1790 iila
641 1735 722 1789 ramis
732 1733 819 1786 ultimi
827 1733 903 1788 Seres
912 1734 1020 1806 legunt:

508 1825 597 1881 Brevis
611 1821 752 1895 expeditos
766 1839 833 1874 aona
844 1821 1007 1894 constringat
1017 1822 1100 1875 sinus.

510 1914 606 1972 Cervix
618 1912 710 1966 monili
726 1928 826 1976 vacuat
842 1929 891 1964 nec
904 1912 999 1964 niveus
1011 1911 1075 1982 lapis

507 2002 625 2056 Deducat
637 2017 732 2060 sures,
744 1997 830 2052 Indici
846 1996 947 2050 donum
963 1999 1050 2050 meris.

507 2089 599 2144 Odore
612 2085 694 2138 crinis
707 2103 814 2157 spsrsus
830 2085 938 2156 Assyrio
955 2097 1047 2138 vacet:

508 2178 552 2234 Sic
562 2187 662 2228 temere
671 2177 748 2246 jactas
765 2171 833 2227 colle
847 2171 1010 2244 perirrndsut
1020 2191 1104 2226 comm

509 2266 697 2334 Humerosque
711 2278 844 2327 sammon
864 2261 986 2314 cursibus
1001 2273 1078 2314 motu
1091 2260 1150 2314 citis

510 2354 612 2405 Ventos
625 2360 772 2420 sequantur
789 2369 797 2399 s
811 2348 877 2400 lova
891 2367 919 2400 se
930 2347 1060 2420 pharetra
1073 2346 1161 2411 dabie

510 2438 608 2492 llsstile
625 2436 710 2490 vibret
728 2434 823 2489 dextra
839 2427 1022 2489 Thessalicum
1040 2453 1140 2489 menus.

508 2527 582 2581 Talis
599 2524 683 2578 severi
701 2537 784 2578 mater
800 2522 937 2596 Hippolyti
959 2523 1018 2577 luit.

417 2635 419 2642 ·
509 2613 618 2682 Qualis,
631 2613 729 2666 relictis
743 2609 831 2684 frigidi
846 2611 924 2665 Ponti
937 2612 1036 2684 plagis,

509 2702 570 2775 Egit
587 2715 720 2762 ostes-sss,
733 2699 850 2752 Atticum
868 2699 976 2770 pulsans
990 2698 1094 2764 tolqru,

509 2789 641 2851 Tsnaitis,
654 2798 699 2840 aut
714 2786 831 2848 Mentis,
848 2797 872 2838 et
886 2785 958 2839 nodo
972 2805 1061 2840 comas

511 2877 604 2948 Coegit
621 2875 777 2948 emisitque,
796 2874 889 2929 lunata
912 2877 979 2928 latus

510 2961 632 3014 Protecta
650 2960 739 3032 pelta;
759 2957 818 3011 talis
834 2959 862 3011 in
881 2957 958 3011 silvas
972 2960 1048 3012 lersr.

415 3106 472 3170 llla
490 3099 621 3189 quidem
640 3099 825 3188 descriptio,
839 3099 1116 3190 quemadmodum
1134 3102 1185 3166 vel
1199 3103 1233 3164 in
1253 3102 1345 3190 epico
1364 3127 1442 3168 car-

372 3213 475 3292 mine,
488 3221 620 3296 propter
633 3206 757 3296 singula
777 3207 961 3270 minutatim
974 3209 1145 3286 recensita,
1159 3207 1312 3296 prolixior
1327 3209 1442 3272 subti-

371 3320 496 3402 liorque
512 3310 686 3392 videretur,
707 3311 751 3374 ita
772 3312 919 3400 loquenti
937 3311 1079 3376 Phaedrae
1095 3313 1267 3394 attributa,
1281 3313 1368 3378 iners
1387 3331 1444 3378 est

372 3419 507 3487 omnino
529 3431 561 3480 et
586 3415 738 3480 insuavis.
783 3417 865 3498 Quis
890 3417 965 3480 satis
994 3417 1064 3482 fore
1092 3440 1160 3482 non
1189 3417 1370 3500 existimet,
1409 3421 1444 3482 si

372 3522 590 3616 spectantibus
606 3543 641 3584 ea
656 3511 732 3584 sese'
741 3521 934 3604 ostenderit,
953 3538 991 3585 ut
1005 3522 1164 3612 sigillatim
1177 3539 1320 3606 enarrat,
1336 3525 1444 3588 vesti-

372 3651 456 3712 tam,
487 3643 543 3691 aut
564 3627 673 3716 paucis
701 3626 813 3690 saltem
836 3649 935 3714 quem
959 3628 1054 3716 eligat
1075 3627 1202 3692 cultum
1224 3628 1446 3694 indicaverit?

372 3737 459 3802 Talia
476 3732 688 3796 destinantem
708 3753 811 3794 scenae
824 3732 939 3796 merito
957 3733 1110 3798 Senecam
1130 3732 1361 3816 fastidiremus,
1379 3736 1445 3822 qui

373 3845 405 3908 in
424 3840 539 3906 vitium
561 3834 751 3925 imprudens
774 3837 881 3925 lapsus
904 3839 1017 3924 fuerit,
1042 3839 1204 3903 tironibus
1228 3839 1323 3902 etiam
1345 3840 1445 3903 facile

374 3943 563 4010 notandum.
591 3940 680 4024 Quid
703 3941 790 4004 enim
816 3944 976 4030 apertius,
999 3967 1097 4032 quam
1122 3941 1275 4007 feminam
1297 3944 1445 4010 violenta

374 4049 550 4140 cupiditate
562 4047 762 4136 exagitatam,
773 4064 807 4112 et
824 4045 1040 4115 decretorium
1056 4047 1177 4136 aliquid
1191 4049 1320 4128 jamjam
1337 4071 1445 4114 ausu-
