3172 5138
373 503 448 578 350
704 457 767 572 ιιι
802 505 1086 572 uetustum

368 635 471 690 Gallico
485 633 629 703 interprete
642 625 730 694 Lese'e',
746 631 792 703 qai
807 632 882 684 nniio
895 632 972 686 metri
986 645 1125 702 respectu,
1138 631 1226 684 iocum
1242 631 1281 684 sie
1294 630 1427 699 reddidit,

369 728 491 785 tanquam
504 709 563 764 dure
575 711 669 784 primm
681 711 802 764 vocabuli
815 715 911 762 metum
921 712 1027 782 syllabae
1042 710 1261 782 corriperentur?

407 794 474 858 485.
490 791 542 844 Nes
547 793 648 858 fumeae
658 809 740 854 nanu,
755 803 806 843 etc⁸
821 791 898 844 Unus
906 792 982 846 Deir.
998 791 1056 844 MS.
1070 791 1217 857 messuerunt
1226 809 1300 844 ιιαιιιι
1312 790 1425 843 Sama

361 875 468 944 flammis
479 882 566 940 stagm
580 867 675 924 :unde
687 870 844 940 conjiciebat
856 871 1003 937 nesseuaut
1016 873 1078 922 meri
1087 870 1205 923 Succmsa
1211 871 1321 942 flemis
1332 885 1425 940 stagna.

409 956 475 1022 467.
486 950 623 1020 laugnida.
635 951 669 1002 ln
681 948 797 1002 MSS..et
806 947 867 1002 edd.
880 950 1010 1004 universis
1020 962 1080 1003 ante
1092 949 1212 1004 Gronov.
1225 949 1344 1011 duoeruie
1357 950 1426 1021 quod

369 1051 424 1085 non
435 1049 513 1084 sensu
522 1047 610 1084 carme
617 1041 701 1101 puto,
711 1028 830 1099 quamvis
838 1028 938 1082 iisden.
951 1028 1095 1083 contendat
1107 1029 1195 1082 «inani
1205 1030 1366 1100 loquacitate
1376 1029 1426 1084 diei

368 1111 476 1166 διιιειιᾶιι
492 1109 576 1175 siurim
590 1120 681 1164 eunus
698 1109 890 1162 subobscurum
901 1107 992 1180 judico
1006 1110 1057 1160 dies
1065 1109 1192 1179 jnogmda
1202 1127 1294 1172 somno,
1311 1128 1363 1180 pro
1379 1111 1426 1162 dies

364 1189 490 1261 jungenda
502 1191 576 1251 noeti,
589 1201 616 1243 et
626 1188 804 1258 noujnngmda
814 1188 911 1242 Baccho
918 1191 1031 1259 pervigili
1039 1208 1089 1260 pru
1099 1208 1149 1242 noe
1159 1189 1350 1259 dtaetjmgaada.

409 1271 474 1334 468.
492 1269 608 1322 Tinctus.
623 1267 748 1322 Universi
760 1279 825 1321 vett.
840 1268 929 1320 excusi
939 1271 1054 1331 tiramus
1066 1267 1220 1340 quodetiu
1232 1269 1327 1322 Pariss.
1342 1270 1426 1332 8026,

370 1350 458 1418 8029,
470 1347 541 1410 8031
560 1357 587 1399 et
601 1347 700 1401 asse·
692 1347 809 1401 rutenio.
824 1347 945 1401 Gmnov.
958 1366 1022 1402 vero
1037 1349 1171 1402 mbstituit
1184 1351 1302 1411 sinemur,
1313 1345 1406 1419 quod
1399 1367 1425 1400 ιιι

368 1428 492 1482 omnibus
498 1419 576 1480 codd.
584 1426 743 1480 commelini
754 1440 782 1480 et
791 1426 924 1498 plerisque
931 1427 1041 1480 Gruten
1046 1441 1073 1481 et
1083 1447 1127 1481 sex
1134 1427 1230 1480 Par-iss.
1240 1429 1362 1480 habetur.
1374 1425 1425 1480 Sed

368 1523 534 1579 quecunque
545 1504 656 1560 disserat
670 1505 791 1560 Gronov.
806 1505 841 1560 de
856 1507 1048 1560 sententiarum
1063 1524 1228 1574 connexu,
1238 1524 1337 1577 nempe
1352 1511 1426 1558 timui

367 1605 423 1640 nou
437 1583 600 1640 invidiosum
611 1585 702 1642 miuus
716 1598 744 1640 et
756 1586 881 1638 infestum
895 1587 1018 1658 perieulis
1034 1605 1090 1639 esse
1105 1605 1185 1657 φιιιιιι
1201 1589 1300 1647 tim,-
1313 1603 1373 1656 quas
1387 1605 1424 1638 se·

367 1677 503 1737 quantur,
516 1677 568 1718 tam
582 1678 765 1736 argumentum
776 1683 832 1719 esse
843 1685 892 1718 nos
902 1684 958 1719 non
968 1677 1069 1720 terrere
1079 1683 1160 1737 quam
1171 1683 1226 1717 non
1237 1665 1350 1725 timere,
1362 1663 1425 1718 adeo

367 1745 425 1799 hec
442 1744 567 1816 implicite
582 1745 652 1798 inter
666 1762 696 1797 se
708 1758 736 1798 et
754 1743 949 1816 propemodum
963 1743 1075 1798 indivisa
1092 1757 1168 1808 sunt;
1187 1742 1285 1798 dixisse
1303 1743 1424 1796 Smecam

368 1825 453 1897 epist„
461 1824 524 1890 105,
537 1825 590 1894 Qui
600 1828 703 1887 timetur,
719 1828 793 1887 timet,
806 1837 834 1877 et
843 1825 927 1878 multu
938 1825 1048 1896 hujusce
1059 1822 1132 1876 modi
1144 1849 1154 1870 ι
1166 1843 1175 1888 3
1187 1835 1301 1876 attamen
1311 1824 1425 1878 strictior

366 1917 395 1958 et
409 1902 536 1958 directior
545 1905 727 1957 concatenatio
740 1903 856 1970 videtur,
867 1905 889 1957 si
901 1903 1032 1975 receperis
1045 1907 1165 1967 timerem,
1180 1916 1226 1956 aut
1236 1908 1341 1966 ιὶιιιιιιν,
1353 1901 1424 1975 quod

368 1984 396 2037 iu
414 1984 492 2037 Fern.
508 1981 609 2036 heard.
628 1997 655 2038 et
672 1981 788 2055 AEgidio‚
806 1983 966 2036 vetusssimis
983 1981 1145 2047 editoribus,
1163 1983 1282 2054 reperio,
1302 1981 1425 2054 quodque

366 2065 421 2134 jam
440 2063 469 2116 in
489 2080 544 2116 uno
562 2062 640 2118 Grut.
657 2063 716 2116 MS.
734 2063 886 2128 inventum,
900 2061 1022 2116 laudevit
1039 2060 1217 2116 Sebroedetus.
1235 2095 1276 2104 —-
1294 2063 1353 2115 Siue
1372 2063 1422 2113 selo.

369 2143 450 2196 Feru-
461 2140 562 2196 hostat
575 2141 663 2214 AEgid.
674 2155 703 2197 et
712 2142 784 2196 Petr.
797 2141 831 2195 sd
844 2161 927 2213 marg.
939 2146 990 2195 siae
999 2143 1065 2196 doio.

410 2228 474 2293 47⁰·
486 2223 599 2274 Immone.
611 2221 775 2292 conjiciebat
786 2223 858 2276 Deir.
869 2226 977 2274 immune.

408 2301 473 2372 473.
486 2302 570 2352 Emi.
584 2300 726 2373 burdegal.
741 2302 902 2354 membrano
916 2314 1009 2372 regunt.
1022 2297 1119 2364 (Deir.)

409 2389 476 2450 477.
490 2381 631 2448 Perfimdet.
646 2382 718 2442 Deir.
735 2381 845 2452 Egviuu.
858 2382 979 2450 dinudat,
993 2393 1021 2434 et
1034 2379 1116 2434 Paris.
1131 2383 1220 2447 8261,
1227 2380 1366 2452 proscindet.

409 2463 474 2524 4⁸4·
496 2459 521 2512 Τ
518 2471 599 2512 aarum
614 2473 706 2530 potest,
725 2472 837 2534 quantam
855 2461 916 2516 odit.
932 2461 1055 2534 Plerique
1071 2472 1135 2514 vett.
1153 2457 1285 2526 editores,
1304 2461 1423 2526 Quarum

363 2551 452 2610 potest,
475 2550 566 2592 ιιιιιιιιιιι
585 2540 643 2592 edu.
661 2541 751 2594 Altera
766 2541 862 2605 lectio,
881 2541 976 2594 melior
995 2554 1022 2594 et
1039 2539 1126 2594 sensui
1143 2538 1381 2602 accommodatior,
1397 2538 1424 2590 in

367 2623 473 2672 Ascens.
490 2618 608 2674 Gronov.
624 2632 650 2672 et
662 2619 873 2686 recentioribus,
885 2621 914 2672 in
926 2617 1089 2691 quibusdam
1103 2621 1178 2674 Deir.
1194 2619 1270 2674 ttss.
1287 2620 1316 2672 in
1330 2618 1425 2672 noso-'u

251 2759 254 2766 ,
368 2698 463 2752 Pariss.
473 2695 636 2768 quindecim.

409 2781 474 2848 487.
489 2776 573 2830 Serum
589 2791 633 2838 est,
647 2790 697 2831 etc.
712 2778 841 2831 Gruterus
856 2778 960 2831 volebat
973 2778 1047 2832 hunc
1062 2777 1171 2832 attribui
1184 2797 1291 2832 rusum
1306 2777 1422 2850 Thyesti.

368 2855 421 2910 Sed
439 2874 545 2910 necesse
561 2871 600 2911 est
613 2858 760 2910 Plisthenes
777 2870 838 2930 post
852 2858 940 2928 Decipi
956 2871 1038 2928 captus
1056 2861 1138 2910 timu!
1156 2856 1237 2911 addat
1254 2854 1354 2929 aliquid
1371 2875 1422 2927 qno

365 2949 467 3007 patrem
486 2937 605 2991 incitet:
623 2956 683 2990 nam
703 2956 803 3009 pronus
822 2935 857 2990 ati
875 2949 948 2990 retro
970 2937 1092 2991 ferendos
1109 2935 1205 3008 gradus
1216 2937 1346 3009 Thyestes
1365 2948 1422 3007 eget

365 3015 528 3070 stimulatore
539 3018 628 3090 potius
640 3035 717 3088 qaum
730 3016 882 3070 coercitore.
894 3017 1021 3070 Preteres
1029 3036 1128 3089 ,quam
1139 3017 1176 3070 ob
1187 3035 1290 3071 musam
1300 3015 1423 3069 inductus

366 3109 405 3149 est
417 3096 548 3150 Gruterus
558 3095 592 3149 sd
602 3095 786 3167 assignandum
797 3095 908 3166 Thyesti
917 3095 1168 3168 versumiNempe
1179 3109 1209 3149 nt
1219 3095 1325 3150 vitietur
1333 3093 1421 3167 ,quod

365 3175 513 3230 Plisthenes
525 3193 581 3228 non
596 3175 647 3229 sibi
661 3187 778 3240 constet,
790 3195 811 3228 st
803 3175 986 3228 nonnulla'
967 3175 1055 3228 umeri
1069 3195 1146 3247 posse
1155 3176 1224 3230 maia
1240 3178 1359 3230 fateatur
1371 3173 1422 3227 Sed

361 3257 417 3326 jam
433 3257 463 3309 in
477 3253 634 3326 praecedenti
648 3273 737 3321 versu,
759 3255 834 3307 hoe
826 3245 913 3328 ipsunt
924 3251 1030 3321 innuit,
1045 3256 1128 3322 verbo
1145 3253 1422 3327 eaptus‚quod1terat

366 3346 470 3388 tentum
484 3348 510 3388 et
521 3334 632 3406 explicat
642 3353 731 3388 versus
744 3333 827 3388 Serum
837 3346 882 3398 est,
896 3347 946 3388 etc.
959 3293 1114 3438 Quoisnni
1105 3335 1195 3408 igitur
1194 3353 1229 3389 ea
1227 3334 1352 3400 dividas,
1365 3351 1422 3405 qne

364 3433 441 3468 seusu
458 3412 674 3485 conjunguntur?
744 3430 747 3438 ¹

352 3517 354 3524 ’
406 3496 471 3558 488.
486 3495 591 3546 llatae:
602 3513 683 3556 emm,
697 3506 748 3546 eto.
762 3492 834 3546 Olim
845 3493 955 3546 multi'
934 3511 972 3546 stc
984 3493 1174 3547 hunclccum:
1189 3493 1313 3546 «Pntsrn.
1328 3493 1421 3555 Estnr,

363 3592 447 3626 unum
460 3573 565 3644 genitor
578 3573 630 3626 hoc
640 3573 779 3625 hortamen
794 3585 841 3625 est.
855 3573 927 3626 Tar.
940 3573 996 3644 Ego
1009 3592 1056 3626 vos
1072 3591 1182 3645 sequor,
1192 3591 1248 3626 uon
1264 3571 1360 3626 duem·
1378 3571 1421 3626 Sic

364 3651 442 3705 Peru.
456 3652 557 3706 iscard.
572 3650 660 3724 AEgid.
675 3651 772 3705 Philci.
788 3652 893 3706 Arcens,
909 3656 1002 3705 Arent.
1016 3653 1095 3705 Viau.
1113 3652 1217 3725 Gryph.
1231 3653 1304 3705 Petr.
1318 3651 1419 3704 Fabric.

365 3731 496 3784 Commel.
511 3745 538 3785 et
550 3733 645 3785 Pet-iss.
659 3729 840 3801 undeviginti,
852 3731 904 3784 nisi
917 3729 990 3803 quod
1003 3732 1030 3784 in
1046 3734 1121 3787 8025
1135 3752 1185 3803 pro
1196 3733 1318 3783 hortamen
1328 3729 1419 3784 scribi-

364 3821 409 3863 tur
424 3809 579 3874 iortondnm,
594 3812 665 3864 etin
682 3811 756 3865 8085
777 3823 804 3863 et
822 3809 910 3874 8030,
925 3829 995 3863 unum
1011 3814 1109 3881 genitor
1125 3813 1246 3864 Ιιονιωιιιιι
1261 3824 1310 3872 est,
1333 3809 1420 3863 deleto

365 3891 417 3942 hoc.
438 3888 541 3942 Primus
559 3891 666 3961 Lipsius
681 3889 809 3946 medelam
825 3891 912 3943 attulit
929 3909 960 3943 ex
976 3909 1029 3943 sno
1048 3891 1133 3956 iibro;
1152 3893 1199 3945 cui
1218 3891 1327 3962 Raphei.
1348 3891 1418 3942 Deir.

365 3969 445 4022 Grut.
462 3980 487 4021 et
503 3971 589 4022 ceteri
603 3971 799 4024 auscultavere:
815 3970 878 4023 hinc
894 3971 972 4036 lectio
986 3989 1067 4041 quarn
1079 3984 1105 4024 et
1120 3990 1168 4024 nos
1183 3971 1296 4042 amplexi
1314 3989 1419 4030 sumus,

365 4049 392 4100 in
406 4047 488 4106 Paris.
502 4062 594 4101 nostro
608 4050 691 4113 8036,
704 4061 735 4102 ut
749 4051 776 4103 in
789 4050 872 4120 Lipsii
884 4049 966 4113 libro,
979 4050 1105 4104 habitam.
1117 4051 1247 4104 Nonnulli
1258 4051 1350 4102 volunt
1360 4067 1418 4100 ter·

256 4157 258 4164 v
362 4129 427 4182 bum
445 4126 511 4180 iliud
532 4139 601 4180 eatur
616 4145 672 4182 esse
692 4129 848 4192 Plisthenis,
865 4140 892 4182 et
910 4129 1029 4200 incipere
1047 4143 1151 4184 tantum
1170 4131 1313 4203 Thyestem
1332 4127 1418 4181 verbis

365 4209 444 4260 Unum
456 4212 562 4278 gerim,
577 4220 626 4260 etc.
639 4207 691 4260 Sed
706 4223 775 4261 eatur
787 4209 883 4262 meiius
897 4209 1007 4282 Thyesti
1019 4211 1151 4264 convertit.
