3090 5142
374 499 445 594 lviij
642 497 884 566 fflstottlcn
908 499 965 566 ET
989 497 1173 566 CRITICA

372 647 443 713 quae
461 623 651 710 plenamque
670 642 688 682 a
703 619 881 683 veterrimis
897 619 1000 708 poetis
1018 635 1143 683 nauata
1159 617 1289 685 farerant
1306 634 1341 684 et
1362 643 1439 710 poe·

370 731 440 794 ticis
454 725 617 792 coloribus
635 723 842 808 adumbrata3
861 747 933 812 qum
951 725 1114 789 memoria.
1133 747 1200 789 suaa
1217 726 1284 807 jam
1302 725 1438 790 manda·

368 849 481 899 verant
503 831 614 921 pueri;
638 853 710 918 quac
734 851 861 918 semper
881 829 992 894 animo
1014 830 1229 894 retractabant
1250 831 1329 914 riri,
1362 855 1436 896 ano-

369 938 532 1004 numentis
546 935 682 1025 publicis
694 951 817 1000 serrata
828 949 861 1000 ct
870 935 1017 1000 omnium
1024 935 1128 1000 oculis
1141 936 1281 1026 ingesta,
1293 959 1435 1025 quorum

366 1043 508 1131 denique
524 1042 625 1105 multa
641 1038 682 1103 ad
699 1040 897 1104 Athenarum
912 1039 1045 1128 gloriam
1062 1040 1266 1128 spectabant,
1283 1063 1351 1130 quo
1364 1065 1436 1106 ma·

363 1150 416 1229 jus
430 1147 570 1237 pretium
587 1145 685 1209 rebus
700 1144 878 1209 accederet.
902 1145 1022 1209 Omnia
1036 1145 1139 1234 igitur
1153 1147 1187 1209 in
1204 1167 1305 1236 graeca
1319 1161 1437 1237 tragoe·

366 1253 419 1318 dia
436 1251 477 1316 ad
500 1250 693 1340 gentilitium
710 1249 878 1338 ingenium
894 1267 1021 1333 exacta3
1044 1251 1153 1314 omnia
1169 1250 1210 1314 ad
1226 1250 1434 1316 delectandos

365 1358 542 1445 eademque
565 1353 790 1420 accendendos
808 1356 1024 1444 spectantium
1044 1356 1170 1420 animos
1194 1357 1275 1421 mire
1295 1379 1435 1446 compo·

364 1465 441 1545 sita,
460 1484 521 1526 nec
539 1483 616 1526 sane
631 1459 700 1525 fieri
714 1461 840 1550 potuit,
857 1477 895 1525 ut
912 1478 1016 1550 poetae
1038 1461 1208 1550 ingenium
1224 1459 1339 1527 iisdem
1363 1485 1433 1527 non

362 1567 601 1634 accenderetur.

406 1673 527 1736 Verum
541 1693 580 1736 ex
588 1669 639 1733 his
649 1669 821 1750 omnibus,
834 1669 954 1758 quibus
963 1668 1161 1734 efficiebatur
1171 1669 1433 1740 utAthenienses

363 1776 515 1868 tragoedia
537 1797 610 1857 sua,
628 1773 729 1838 veluti
750 1773 892 1862 quodam
914 1773 1070 1863 gentilitio
1093 1777 1192 1851 festo,
1209 1793 1432 1862 morerentur,

362 1907 404 1949 ne
428 1905 533 1948 tanum
559 1879 691 1970 quidem
716 1878 804 1968 apud
830 1881 995 1943 Romanos
1020 1880 1174 1945 invenias.
1201 1883 1314 1966 Quum
1342 1885 1431 1947 enim

361 1991 451 2055 launi
474 2004 577 2078 poeta
601 1985 743 2050 historiis
765 1985 891 2073 poetice
912 1983 1082 2050 elaboratis
1104 2004 1249 2052 carerent
1265 1987 1332 2076 (a),
1349 2007 1432 2054 'snas

363 2091 531 2184 tragoedias
550 2089 712 2156 scribendi
722 2089 893 2153 'materiam
911 2113 929 2154 e
945 2089 1063 2154 Graecis
1079 2088 1199 2156 ducere
1211 2093 1432 2181 cogebantur,

360 2200 450 2266 unde
462 2199 584 2262 factum
595 2211 659 2277 est,
667 2194 896 2259 utinrectitius
905 2195 1099 2278 fluctuaret
1108 2211 1281 2286 postquam
1290 2216 1431 2263 mmano

360 2305 429 2373 solo
439 2303 564 2395 pridem
575 2297 692 2368 insitus
701 2302 819 2384 firerat,
830 2301 1129 2390 alienum'saporem
1140 2304 1319 2371 retinuerit.
1332 2300 1431 2369 Nulla

360 2415 393 2477 in
411 2407 543 2502 agendis
559 2405 676 2472 fabulis
692 2424 749 2472 aut
763 2407 848 2470 inter
867 2423 995 2495 poetas,
1012 2423 1069 2471 aut
1083 2408 1170 2473 inter
1193 2409 1305 2498 populi
1323 2411 1432 2476 tribus

359 2513 540 2584 aemulatio:
558 2535 661 2603 quum
678 2513 777 2602 igitur
795 2509 863 2576 non
873 2509 1059 2600 ¹quidquam
1075 2529 1159 2579 esset
1173 2513 1208 2578 in
1223 2514 1275 2580 his
1290 2515 1429 2581 civitatis

358 2772 557 2846 suscipiebaat3
576 2784 691 2842 quarum
710 2765 820 2837 singule
837 2781 870 2818 ex
886 2765 942 2818 auia
957 2765 1101 2840 choragum
1121 2770 1327 2836 consumebant,
1347 2790 1430 2844 penes

357 2882 439 2938 quem
453 2862 521 2914 soret
534 2855 745 2930 spectaculorum
759 2872 822 2908 cura
835 2867 862 2907 et
874 2853 1026 2908 arbitrium.
1038 2855 1181 2911 Certabant
1189 2859 1257 2912 inter
1267 2879 1294 2914 ae
1303 2859 1430 2936 choragi,

357 2951 417 3026 quia
430 2962 538 3004 ceteros
548 2941 682 3017 diligentia
697 2955 831 3014 superaret
841 2983 849 3008 ,
859 2954 886 2995 et
896 2945 953 3016 ejus
961 2944 1007 3015 qui
1017 2945 1116 2998 vicerat
1126 2945 1209 3001 tribus
1223 2945 1329 3002 laudern
1343 2949 1429 3005 victo-

358 3042 405 3095 ria
418 3037 467 3094 sibi
478 3031 639 3090 vindicabat.
658 3030 763 3102 (wolf,
777 3031 968 3103 Prolegcmeaa
986 3033 1014 3086 in
1034 3034 1170 3088 Demosth.
1183 3047 1250 3089 orat.
1266 3036 1431 3112 ads.1.epti·

238 3145 247 3168 t
359 3149 437 3192 nem,
454 3145 483 3198 p.
496 3126 553 3193 89.)

394 3221 432 3288 (ι)
450 3214 537 3270 Prima
549 3209 700 3265 dramatico
710 3208 773 3262 artis
784 3208 945 3282 specimina,
963 3209 997 3264 ad
1007 3210 1180 3266 imitationem
1189 3213 1343 3272 Graecorum
1354 3232 1430 3273 tom-

358 3307 458 3380 posita,
472 3304 563 3357 Roma
576 3298 650 3372 priua
662 3296 791 3369 producta
806 3297 911 3350 inerant
920 3301 999 3365 (anno
1008 3299 1043 3352 ab
1053 3301 1127 3356 Urbe
1140 3301 1249 3356 condita
1259 3304 1335 3372 sxa),
1344 3325 1429 3380 quam

359 3413 389 3449 ea
409 3389 535 3444 Romania
551 3385 693 3460 quisquam
710 3383 846 3438 historiam
866 3385 1010 3458 scripserit.
1021 3388 1054 3440 At
1063 3388 1172 3442 historia
1182 3410 1291 3445 romana
1302 3393 1377 3448 factis
1391 3395 1429 3450 ita

358 3480 493 3552 indigebat
504 3473 679 3547 singularibus
694 3485 720 3526 et
738 3471 773 3525 ad
792 3472 937 3527 movendos
948 3475 1051 3528 animoa
1063 3477 1234 3551 poeticosque
1253 3481 1354 3536 colores
1368 3483 1430 3537 teti.

358 3570 414 3625 eiua
423 3561 591 3637 recipiendos
601 3560 826 3625 accommodatis,
840 3573 870 3614 ut
885 3562 1063 3638 antiquissimiv
1074 3565 1207 3634 historici,
1225 3569 1324 3624 lumina
1334 3571 1429 3644 operi·

358 3662 409 3712 bus
426 3653 481 3711 auis
501 3649 634 3714 addituri,
651 3667 666 3702 e
684 3647 785 3704 Gracia
806 3647 875 3702 facta
893 3648 973 3723 hujus
991 3647 1097 3722 'generis
1116 3655 1315 3711 arcessiverint:
1336 3655 1429 3730 qualia

357 3746 445 3809 luere,
457 3752 487 3793 ut
498 3756 531 3792 aa
545 3737 575 3792 iis
587 3735 712 3789 nonnaila
725 3733 967 3798 tantum'aileram.
984 3733 1029 3810 sp.
1041 3736 1150 3811 Tarpeii
1159 3735 1215 3796 'filia
1229 3743 1358 3797 asabinis
1367 3764 1431 3801 cor-

357 3846 436 3904 rupta
456 3827 564 3898 (Lini,
585 3843 625 3880 aa.
642 3825 721 3879 Conf.
732 3821 896 3896 Clitophont.
911 3823 1073 3892 instabam,
1091 3828 1131 3882 tit.
1145 3847 1178 3893 x,
1196 3831 1348 3904 pag,131);
1368 3833 1427 3888 ΗΟ,

359 3921 485 3975 ratiorum
497 3929 523 3970 et
532 3913 709 3969 Curiatiorum
719 3910 939 3984 fabulamini,
955 3913 997 3968 2⁵.
1015 3913 1092 3968 Conl.
1104 3915 1237 3971 Demarat.
1254 3919 1281 3971 iu
1294 3916 1367 3974 Stob'.
1383 3915 1428 3979 tit.

357 4023 470 4068 xxxvaat,
480 4021 539 4076 pag.
553 4001 629 4066 πῶς
641 3997 718 4054 dolus
728 3995 801 4053 Sexti
809 3988 967 4071 Tarquinii,
979 4003 1033 4073 qao
1040 4000 1146 4074 decepit
1154 4001 1254 4058 Gabina
1265 4007 1335 4075 (Lis.
1347 4009 1370 4074 l,
1380 4009 1426 4065 ⁵2.

357 4095 435 4152 Cani.
446 4089 573 4148 Herodot.
583 4089 620 4155 V,
630 4091 655 4149 6.
669 4107 729 4160 pag.
739 4090 818 4157 lca),
829 4099 854 4140 et
864 4087 947 4141 multa
956 4089 1016 4142 alia.
