3090 5142
278 491 380 560 UNO
406 490 779 559 TRAGOEDIARUM
807 489 1030 560 AUCTORE.
1145 491 1191 589 liij

121 611 264 677 dubitari
294 611 393 676 etiam
421 610 542 698 possit,
570 631 611 672 an
641 606 682 674 de
713 609 846 673 Lucano
875 627 970 698 poeta
999 613 1194 702 cogitaverit.

122 717 263 782 Videtur
289 733 398 780 umen
433 713 633 778 Gallicanam
661 736 805 804 pugnam
830 737 960 781 vocasse
989 716 1046 782 too
1076 720 1195 786 Lucani

121 823 247 890 bellurn
272 822 382 903 civile,
406 837 444 885 ut
467 821 502 887 in
530 822 598 902 ejus
621 821 763 886 carmine
784 821 916 892 heroico
932 823 1052 912 pingue
1068 824 1149 890 illud
1166 843 1198 892 et

97 925 104 938 '
124 930 335 1019 peregrinum
354 941 500 1007 notaret,
519 924 608 1015 quod
626 926 660 991 in
680 925 841 1014 prioribus
858 928 962 1016 poetis
977 929 1197 1012 Cordubensi·

124 1037 189 1100 bus
205 1035 286 1098 olim
302 1055 454 1099 romanas
471 1055 564 1096 aures
581 1030 748 1098 offendere
762 1033 893 1098 solebat
911 1034 978 1098 Nec
997 1036 1115 1100 mirum
1132 1054 1197 1120 est,

126 1163 201 1221 eos,
220 1139 343 1228 quibus
359 1138 421 1228 ipsi
441 1137 533 1201 Plato
555 1153 588 1201 et
605 1137 775 1225 Euripides
793 1138 859 1218 jam
880 1141 948 1204 lere
966 1140 1093 1206 barbari
1108 1141 1198 1206 vide·

128 1262 253 1326 renum,
271 1245 306 1308 in
318 1242 508 1308 Pharsalicis
524 1241 645 1306 Lucani
660 1242 907 1332 Transalpinum
921 1244 1093 1333 quemdam
1110 1263 1198 1312 vete·

128 1373 202 1416 rum
225 1350 394 1415 Gallorum
417 1371 535 1412 sonum
554 1346 825 1414 animadvertisse.
848 1348 912 1414 Sed
930 1350 1081 1416 Martialis
1103 1353 1197 1418 etiam

127 1457 281 1545 ambigua
300 1473 350 1521 est
372 1455 425 1518 illa
444 1469 490 1518 ter
511 1454 706 1518 numeranda
726 1455 836 1519 damus
856 1455 941 1520 docti
958 1455 1093 1522 Saum.
1109 1460 1199 1523 Nam

131 1567 247 1653 etipsa
264 1564 383 1628 domus
402 1563 531 1650 praealta
548 1559 681 1653 intelligi
700 1578 825 1649 potest,
843 1579 882 1627 ut
901 1563 1014 1652 triplex
1031 1567 1203 1654 palatium,
1277 1615 1280 1622 .

130 1668 220 1756 quod
234 1667 367 1732 tandem
379 1665 555 1753 aliquando
570 1667 640 1730 viro
653 1664 750 1730 docto
762 1665 898 1755 dignum
913 1667 971 1750 sit,
983 1668 1203 1758 Pisonumque

130 1774 217 1838 atriis
251 1770 536 1860 aequiparandum,
562 1785 593 1834 et
619 1785 682 1836 tres
707 1769 764 1834 filii
793 1771 911 1852 Marci,
936 1772 1073 1838 rhetoris
1097 1774 1203 1855 docti,

131 1893 350 1966 prepotentes
380 1876 415 1939 in
445 1877 516 1938 aula
543 1875 694 1940 Neronis.
723 1877 829 1938 lmmo
858 1898 973 1962 parum
1000 1900 1077 1942 vero
1102 1879 1204 1944 simile

131 1984 280 2049 videatur
302 1981 482 2048 Martialem
505 1979 545 2044 de
566 1980 712 2044 Gallione
735 1997 768 2044 et
792 1981 876 2044 Mela
902 1983 1012 2069 potius
1034 1983 1204 2071 cogitasse,

133 2111 229 2177 quam
250 2087 294 2152 de
313 2086 457 2150 Lucano.
475 2083 572 2166 Inde,
591 2086 618 2148 si
637 2085 851 2175 intelligamus
873 2086 1045 2174 scriptores
1062 2088 1205 2170 nobiles,

135 2197 254 2262 rectius
268 2194 349 2258 duos
361 2194 493 2258 Senecas
506 2197 691 2281 unicumque
703 2193 867 2258 Lucanum
882 2193 1124 2260 subaudiamus.
1141 2197 1204 2262 Sed

134 2323 245 2366 rursus
268 2297 387 2363 deinde
408 2296 640 2362 dubitatur-de
661 2297 782 2361 duobus
805 2299 936 2362 Senecis
959 2299 1037 2382 illis,
1063 2323 1204 2388 quorum

134 2407 224 2486 alter,
238 2403 381 2468 Neronis
396 2418 583 2491 praeceptor,
597 2418 780 2491 prepotens
793 2401 925 2488 quidem
940 2403 1002 2468 fuit
1015 2404 1205 2493 aliquando,

135 2513 197 2592 sic,
211 2525 251 2574 ut
266 2511 366 2573 tanai
383 2511 486 2595 regnis
500 2530 598 2572 nemo
610 2507 704 2572 facile
713 2507 863 2596 praeferri
875 2525 998 2595 posset,
1018 2509 1075 2574 sed
1089 2512 1205 2576 frustra

134 2616 312 2704 queminus
342 2615 479 2678 alterum
510 2612 600 2676 illum
631 2613 784 2677 Senecam
813 2635 905 2701 aeque
933 2603 1119 2702 potentem,
1145 2617 1206 2682 nisi

135 2719 328 2810 Apollinaris
348 2716 474 2783 Sidonii
494 2732 622 2804 poetam
643 2716 816 2804 tragicum,
834 2740 932 2804 quem
950 2719 1057 2783 omnis
1073 2719 1206 2786 historia

136 2843 233 2903 tacet,
247 2825 282 2888 in
296 2824 482 2888 societatem
495 2822 582 2887 illam
593 2845 804 2888 assumamus.
821 2823 903 2905 Quis
918 2824 1017 2912 igitur
1028 2843 1207 2912 poetarum,

137 2933 169 2996 in
186 2930 309 3018 quibus
328 2929 438 2994 omnia
458 2927 525 3016 lere
542 2928 693 3016 ambigue
714 2945 747 2993 et
767 2928 906 2992 obscure
928 2927 1011 2994 dicta
1031 2948 1124 3013 sunt,
1142 2935 1207 2998 sola

137 3037 329 3101 auctoritate
365 3033 503 3114 ductus,
531 3033 716 3098 testimonia
749 3050 894 3098 veterum
923 3037 1207 3123 grammaticorum

138 3159 235 3230 atque
251 3139 351 3204 fidem
367 3139 526 3203 librarum
542 3139 736 3226 scriptorum
750 3138 944 3228 impugnet?
959 3141 1086 3228 Nempe
1102 3158 1134 3205 et
1146 3143 1209 3208 hoc

140 3264 187 3312 est
199 3245 325 3310 arbitrii
340 3245 461 3324 nostri,
479 3243 568 3331 quod
585 3257 634 3307 ter
644 3244 874 3307 numerandam
884 3244 1012 3308 domum
1024 3244 1111 3310 docti
1126 3246 1209 3312 illius

140 3353 268 3417 &neem
298 3349 534 3438 conjungamus
566 3372 642 3414 cum
676 3349 751 3412 viris
779 3370 864 3436 quos
886 3347 1040 3436 facunda
1073 3349 1213 3439 loquitur

144 3457 308 3538 Corduba,
333 3473 370 3521 ut
395 3453 476 3518 alter
497 3455 589 3519 locus
615 3453 874 3542 interpretationi
896 3453 1026 3520 alterius
1051 3456 1211 3523 inserviat.

140 3565 213 3630 Non
240 3562 383 3628 enimin
404 3576 545 3646 utroque
566 3581 673 3623 sermo
690 3576 740 3622 est
757 3556 798 3624 de
817 3557 908 3622 claris
929 3559 1160 3648 scriptoribus,
1177 3585 1213 3626 ac

141 3693 181 3734 ne
196 3668 238 3733 de
254 3667 332 3733 viris
350 3664 494 3754 quidem.
518 3667 602 3730 Sunt
619 3665 728 3754 igitur,
749 3665 807 3753 qui
824 3687 997 3729 numerum
1015 3667 1214 3750 ternarium,

141 3776 243 3864 poetis
265 3789 298 3838 et
315 3773 350 3836 in
369 3772 481 3860 primis
501 3769 638 3835 Martiali
661 3771 857 3852 solemnem,
879 3769 990 3859 pietati
1013 3793 1087 3860 erga
1104 3795 1213 3836 unum

142 3880 296 3944 Senecam
314 3877 549 3966 philosophum
567 3876 728 3957 tribuant,
746 3899 844 3962 quam
861 3893 956 3965 poeta
975 3875 1072 3941 Pollae
1087 3877 1212 3967 Argen·

11 4033 12 4050 2
143 3986 245 4062 tariae,
269 3982 378 4048 viduae
399 3983 521 4048 Lucani
547 3981 654 4047 adhuc
676 3982 858 4070 superstiti,
883 3981 1043 4048 declarare
1063 3982 1211 4047 voluerit.

142 4093 178 4156 ln
201 4089 337 4155 duobus
361 4104 470 4152 autem
499 4087 625 4152 Senecis
646 4087 723 4166 illis,
749 4087 869 4174 quibus
893 4089 1022 4153 tertium
1046 4086 1213 4152 Lucanum
