3090 5142
374 522 443 616 avj
644 523 884 595 rusromca
907 525 965 598 aa
991 523 1172 596 caruca

373 667 407 710 se
424 665 492 708 non
516 641 592 708 ideo
618 642 819 725 consedisse,
833 660 872 710 ut
896 667 978 732 vana
1000 659 1036 707 et
1056 665 1257 733 supervacua
1278 645 1440 712 audirent.

372 752 487 838 Itaque
512 749 688 838 cogebatur
715 765 837 814 orator.
850 749 1040 840 argmenta
1064 771 1125 814 sua
1147 771 1249 836 quarn
1274 751 1443 816 celerrime

372 857 882 946 percurrere,autseutentiarum
891 857 1443 946 descriptiounmrenitoreetculur

369 959 518 1042 judicum
526 960 655 1025 animos
664 961 800 1025 trahere
812 961 982 1029 Instabiles
991 975 1024 1028 et
1032 961 1103 1050 vagi
1112 959 1275 1027 auditores
1284 963 1443 1044 majorem

372 1067 556 1134 oratoribus
576 1065 763 1156 cupidinem
786 1065 990 1148 injiciebant,
1009 1080 1049 1130 ut
1070 1065 1104 1129 in
1126 1065 1262 1154 siugulis
1285 1068 1443 1134 ontionis

372 1173 518 1262 partibus
533 1173 756 1238 enitescerent
772 1174 912 1238 iuvenes
928 1172 1122 1262 presertim,
1139 1172 1259 1261 quibus
1276 1173 1327 1238 his
1342 1174 1444 1238 etiam

374 1276 575 1367 temporibus
583 1276 770 1366 eloquentia
780 1301 867 1343 curat
875 1278 1242 1361 erat,breresetacutas
1254 1278 1444 1346 orationum

364 1382 546 1448 'sententias
561 1383 793 1472 excerpebant,
809 1406 890 1473 quas
906 1405 975 1448 non
991 1384 1074 1448 Urbi
1096 1384 1221 1468 solunt,
1239 1382 1296 1448 sed
1312 1400 1346 1448 et
1363 1405 1445 1476 pro-

371 1485 484 1552 vinciis
500 1486 673 1554 traderent.
701 1488 823 1554 Eadem
844 1487 1011 1578 diligentia
1031 1488 1103 1554 loca
1123 1489 1330 1556 sectabantur
1350 1491 1446 1578 poesi

371 1608 527 1682 cognata:
543 1615 619 1660 narn
632 1609 822 1662 ornaments
838 1594 966 1684 poetica
980 1595 1016 1658 in
1030 1593 1140 1660 soluta
1149 1593 1300 1660 oratione
1314 1615 1445 1682 querc-

372 1699 509 1779 bantur3
526 1714 560 1764 ct
575 1716 656 1764 tunc
673 1701 835 1788 imprimis
848 1700 996 1789 placebat
1006 1715 1126 1782 orator,
1144 1717 1249 1788 quum
1266 1699 1395 1768 Horam
1412 1714 1446 1764 et

373 1803 498 1894 Virgilii
514 1822 548 1870 et
564 1805 687 1902 Lucani
703 1806 837 1870 moraris
854 1804 1040 1895 diripuerat.

418 1911 530 1994 Quum
541 1912 587 1976 ita
597 1930 746 2000 saperent
756 1913 904 1994 Romani,
912 1935 980 2001 quo
990 1927 1142 2002 tempore
1151 1910 1278 1999 scriptae
1288 1909 1447 1978 videntur

372 2015 534 2106 tragediae
541 2017 852 2107 Seueeaeadscriptte,
859 2017 1006 2107 quemad
1013 2015 1172 2082 rationem
1181 2017 1242 2082 illae
1248 2005 1446 2084 estimando

376 2123 459 2204 sint,
475 2123 550 2188 catis
566 2139 663 2211 patet.
683 2124 788 2188 Fetere
803 2147 885 2212 quos
909 2147 967 2189 sua
987 2123 1100 2213 opinio
1117 2123 1161 2188 ita
1178 2122 1320 2210 decepit,
1335 2137 1376 2186 ut
1391 2143 1447 2186 eas

375 2225 564 2292 Graecorum
575 2227 735 2317 tragoediis
749 2251 816 2292 non
828 2231 1126 2317 oequareut'solum,
1140 2227 1198 2292 sed
1214 2244 1248 2292 et
1263 2243 1447 2316 antepone·-

374 2346 458 2396 rent.
470 2331 591 2396 Verum
603 2347 756 2420 portento
770 2334 904 2422 propius
913 2335 1028 2416 fuerit,
1044 2335 1072 2398 si
1084 2356 1149 2422 qua
1159 2347 1250 2398 atate
1261 2333 1296 2396 in
1306 2349 1445 2422 pravum

377 2436 460 2502 adeo
479 2435 651 2503 deflexerat
669 2461 720 2503 ars
736 2434 788 2503 dla
804 2440 988 2535 uniceque
1006 2438 1149 2504 studiose
1165 2438 1342 2519 colebatur,
1360 2459 1449 2503 com·

376 2542 469 2606 muni
482 2541 560 2607 vitio
572 2543 725 2608 caruisset
737 2544 857 2633 poesis,
871 2545 1026 2610 hactenus
1043 2543 1236 2632 eloquentie
1249 2543 1446 2609 consociata.

419 2646 547 2712 senece
582 2664 733 2737 poemata
778 2648 790 2737 (
817 2671 889 2737 quae
928 2649 974 2714 sic
1011 2649 1243 2740 appellabimus
1279 2648 1448 2712 brevitatis

377 2753 493 2842 causa)
512 2753 739 2844 tragoediarum
758 2755 890 2844 quidem
906 2778 1027 2820 nornen
1047 2772 1079 2820 et
1094 2755 1286 2820 exteriorem
1304 2755 1448 2820 formam

377 2877 555 2948 usurpant;
584 2859 641 2925 sed
669 2861 750 2925 nihil
777 2861 865 2926 aliud
891 2884 950 2950 per
976 2853 1010 2926 se
1039 2862 1138 2927 fuisse
1169 2860 1323 2927 videntur
1346 2885 1448 2950 quam

377 2967 546 3032 rhetoria-
569 2967 715 3056 quadarn
729 2969 997 3052 ,exercitationem
1017 2993 1120 3035 scente
1140 2971 1327 3060 neutiquam
1349 2971 1450 3036 desti·

378 3089 472 3138 nate.
491 3075 566 3138 Non
583 3075 652 3140 sine
667 3073 889 3140 emolumento
907 3077 1027 3142 oratori
1041 3099 1110 3141 esse
1123 3092 1267 3166 poterat,
1285 3075 1326 3140 ad
1341 3093 1447 3142 artem

377 3199 469 3244 suam
487 3180 610 3268 felicius
629 3179 855 3264 excolendam,
876 3181 901 3245 si
920 3181 1010 3269 poesi
1029 3181 1210 3248 dramaticae
1231 3199 1447 3266 assuesceret,

377 3302 410 3351 et
434 3287 468 3350 iu
494 3309 532 3352 ea
555 3284 634 3374 quid
658 3303 766 3376 posset
789 3287 997 3375 experiretur.
1025 3287 1139 3376 Neque
1164 3289 1234 3352 haec
1258 3287 1447 3354 rhetoribus

377 3391 494 3458 omissa
507 3415 594 3459 cura.
613 3391 703 3482 Saepe
717 3393 752 3458 in
767 3393 885 3459 scholis
900 3393 1064 3460 mactanda
1078 3395 1356 3484 proponebantur,
1371 3417 1447 3481 quse

377 3496 481 3562 velex
496 3499 633 3586 propriis
651 3499 844 3588 magicarum
862 3499 1044 3563 tabidarum
1061 3500 1259 3588 argumentis
1273 3499 1447 3586 desumpta

379 3601 524 3684 fuerant,
542 3604 594 3668 vel
615 3603 655 3668 ad
673 3604 799 3668 illarum
820 3605 1035 3668 imitationem
1053 3603 1158 3669 efficta
1174 3603 1232 3694 (r).
1252 3603 1316 3669 Sed
1333 3627 1373 3669 ex
1394 3604 1447 3668 his

414 3787 452 3850 (ι)
469 3809 481 3830 ι
489 3783 547 3838 Sint
555 3797 655 3857 ergoet
664 3785 728 3857 ipse
739 3785 867 3852 marein,
874 3802 933 3857 quc
943 3785 1086 3857 tingentur,
1093 3803 1176 3858 quam
1186 3783 1325 3838 simillime
1334 3783 1448 3838 mileti.

359 3869 447 3924 *Nam
462 3888 568 3942 magos,
584 3885 610 3925 et
628 3873 820 3944 pestilentiam,
840 3884 865 3925 et
878 3890 1005 3943 responsa
1019 3884 1045 3926 et
1059 3871 1180 3926 seviore
1191 3871 1298 3944 tragicis
1316 3889 1447 3924 novercas

378 3957 482 4031 aliaque
495 3959 583 4013 adbuc
591 3961 674 4032 magis
686 3961 806 4014 fabulosa
822 3961 920 4013 frustra
930 3961 999 4014 inter
1007 3961 1162 4032 sponsiones
1178 3971 1204 4014 ct
1221 3959 1362 4014 interdicta
1376 3979 1448 4032 quac-

377 4065 477 4101 remna.
498 4047 573 4111 Quid
591 4049 672 4118 ergo?
692 4067 828 4122 nunquam
850 4049 908 4103 bato
927 4069 1007 4122 supra
1029 4049 1122 4116 tidem,
1152 4063 1179 4104 et
1199 4049 1302 4122 poetica
1321 4053 1361 4114 (ut
1385 4067 1448 4102 vere

379 4133 500 4206 damna)
513 4135 629 4190 themata
641 4176 648 4196 .
661 4137 805 4209 juvenibus
825 4149 988 4209 pertractare
1002 4138 1203 4210 permittemus,
1226 4149 1257 4190 ut
1268 4135 1449 4208 exspatientur
