3168 5140
378 519 451 591 270
627 499 697 564 a.
726 494 908 566 auulsi
937 485 1156 568 sauses

425 632 568 724 Capesse
590 643 727 722 partem.
748 629 859 721 Major
880 630 950 698 haec
973 628 1043 697 laus
1065 646 1114 699 est
1136 657 1225 716 mea,

424 737 530 802 Fratri
552 749 726 829 paternum
750 735 887 803 reddere
908 733 1063 804 incolumi
1085 737 1193 806 decus.

426 841 558 909 Habere
575 864 738 934 regnum,
757 865 851 910 casus
870 856 938 925 est;
961 843 1084 929 virtus,
1104 843 1191 912 dare.

301 1003 312 1026 i
427 971 508 1016 rur.
527 948 583 1015 Dii
601 947 711 1041 paria,
733 946 853 1034 frater,
874 948 981 1041 pretia
998 971 1060 1040 pro
1083 951 1181 1017 tantis
1202 949 1262 1017 tibi

377 1047 380 1060 '
428 1053 555 1122 Meritis
577 1051 768 1146 rependant.
792 1053 929 1148 Regiam
951 1055 1067 1146 capitis
1089 1069 1201 1122 notam

428 1157 578 1253 squallor
596 1173 726 1228 recusat
745 1173 876 1245 noster,
900 1173 933 1226 et
955 1173 1120 1252 sceptrum
1144 1184 1260 1228 manus

431 1265 577 1333 infausta
600 1263 740 1358 refugit:
756 1263 850 1334 liceat
871 1266 904 1332 iu
926 1264 1034 1332 media
1053 1265 1133 1333 mihi

430 1374 548 1439 Latere
569 1371 675 1438 turba.
696 1394 774 1438 aru.
793 1371 924 1464 Recipit
945 1370 1009 1439 hoc
1027 1395 1166 1464 reguum
1189 1372 1282 1440 duos.

431 1501 511 1546 rur.
527 1479 642 1544 Meum
657 1501 727 1545 esse
741 1476 857 1562 credo,
875 1474 1034 1570 quidquid
1048 1476 1252 1576 estpfrater,
1264 1493 1367 1546 tuum.
1396 1509 1430 1548 us

432 1606 508 1652 aru.
533 1584 616 1670 Quis
637 1582 802 1651 influentis
821 1583 909 1650 dona
931 1581 1071 1650 fortunae
1090 1581 1227 1651 abnuit?

429 1713 510 1758 rau·
528 1692 692 1782 Expertus
714 1702 764 1756 est
784 1690 1001 1782 quicumque,
1023 1712 1122 1782 quam
1142 1687 1237 1757 facile
1255 1689 1398 1759 effluant.

430 1819 508 1863 ara.
529 1797 674 1862 Fratrem
698 1795 797 1888 potiri
817 1793 921 1889 gloria
944 1795 1069 1887 ingenti
1086 1791 1201 1864 vetas?

429 1925 509 1970 rar.
521 1903 590 1968 Tua
607 1901 673 1994 jam
696 1915 830 1993 peracta
847 1899 950 1995 gloria
970 1914 1039 1986 est3
1062 1915 1163 1970 restat
1181 1925 1264 1968 mea.

421 2087 486 2156 527.
497 2085 589 2156 Major,
602 2099 652 2138 ete.
663 2108 674 2128 ι
683 2085 746 2138 Plus
754 2085 820 2138 mihi
829 2085 886 2138 lsu·
931 2085 1007 2148 nius,
1019 2097 1049 2137 ut
1062 2084 1133 2138 huuc
1146 2103 1252 2138 sensum
1263 2086 1385 2138 vocabuli
1398 2091 1433 2138 iu-

380 2164 420 2217 dis
435 2164 514 2217 estin
530 2163 669 2218 reddendo
685 2165 761 2217 fratri
776 2179 886 2235 paterno
923 2165 1025 2234 fluentas
1036 2163 1183 2234 legitimum
1194 2165 1337 2235 approbet,
1349 2165 1433 2218 locum

380 2244 490 2308 decore,
508 2263 587 2314 quam
606 2245 634 2296 in
652 2243 813 2316 possidendo
832 2263 886 2298 sce-
931 2243 1037 2296 Seneca·
1049 2243 1098 2315 Ep.
1116 2244 1168 2296 50:
1188 2243 1257 2296 lttud
1269 2243 1434 2314 dapemudam

381 2337 442 2394 ptro
455 2349 466 2370 »
478 2345 485 2387 ;
499 2322 574 2394 quod
597 2324 730 2395 explicant
751 2324 887 2394 sequentia
931 2333 981 2384 est,
996 2341 1065 2392 posse
1082 2323 1150 2375 uobis
1167 2343 1225 2374 casu
1245 2335 1336 2375 tautam
1353 2325 1434 2375 bonam

380 2403 464 2454 trabere
474 2421 570 2472 reguum
585 2444 592 2466 ,
607 2414 656 2454 etc.
932 2402 1035 2472 influere.
1056 2401 1107 2454 Sed
1124 2401 1196 2454 aliud
1216 2414 1255 2455 est
1272 2403 1357 2456 ὀοηιιιι
1372 2405 1436 2455 uobis

422 2483 486 2536 5²8.
501 2483 660 2535 Paternum...
674 2481 753 2532 decus
766 2482 887 2552 MsJesta·
933 2483 1038 2550 nificare,
1063 2479 1136 2534 aliud
1157 2484 1257 2553 irrflum
1273 2484 1383 2549 fortuna.
1406 2485 1435 2535 ln

382 2577 434 2615 tem
456 2563 553 2631 regiam
575 2575 601 2614 et
619 2563 693 2632 regni
716 2573 827 2633 partem.
848 2593 889 2604 --
932 2561 1031 2625 altero,
1048 2562 1145 2631 influere
1160 2579 1237 2614 seusu
1253 2562 1354 2632 vulgari
1373 2563 1437 2614 acci-

381 2641 494 2694 !ieddere.
509 2641 569 2694 Non
584 2639 657 2712 quod
669 2659 729 2712 pars
741 2641 815 2712 regni
826 2641 889 2712 legi·
931 2641 1020 2710 pinu,
1034 2641 1119 2692 bonum
1134 2644 1158 2691 in
1174 2661 1217 2692 nos
1232 2642 1320 2711 inficite,
1338 2660 1390 2712 quo
1400 2642 1437 2694 ui·

382 2722 447 2774 timo
459 2724 518 2793 jure
531 2721 655 2790 Thyestis
670 2721 750 2772 fuerit
765 2739 772 2773 :
787 2719 833 2773 sed
850 2721 888 2772 fa·
932 2719 969 2772 hil
985 2720 1113 2772 usitatius.
1128 2719 1182 2772 Sed
1196 2720 1264 2772 male
1277 2722 1377 2791 influens
1384 2723 1437 2788 sor·

381 2815 453 2854 tetur
472 2819 503 2852 ex
522 2799 651 2853 industria
669 2801 763 2853 Atreus
784 2812 887 2871 partem
933 2811 991 2850 tuna
1009 2818 1058 2871 pro
1075 2801 1162 2867 fauens
1176 2801 1278 2866 sortium
1298 2799 1435 2862 diceretur,

382 2881 455 2951 regui
463 2881 536 2933 tratri
544 2879 647 2942 deberi,
655 2899 707 2950 quo
715 2880 816 2932 facilius
826 2898 889 2932 eum
933 2878 983 2932 nisi
995 2892 1152 2950 sequeretur
1162 2881 1284 2951 effluunt:
1296 2893 1353 2932 tota
1365 2881 1438 2934 estin

383 2959 485 3014 insidiis
496 2972 613 3031 occupet.
628 2955 703 3020 (vid.
717 2978 775 3030 quse
788 2959 890 3012 nutavi·
932 2959 1100 3028 oppositione
1111 2961 1195 3012 virtus
1209 2971 1236 3012 et
1248 2959 1388 3013 salubritas
1400 2961 1438 3012 lo-

384 3059 441 3092 mus
452 3059 509 3111 sup.
524 3058 567 3092 vv.
582 3039 616 3092 33
633 3052 659 3091 et
674 3038 749 3102 1532.)
933 3037 1046 3090 cutiouis
1061 3057 1068 3090 :
1083 3037 1152 3091 dona
1168 3039 1282 3091 fortunae
1298 3041 1400 3110 irfiurmt
1414 3052 1439 3091 et

426 3121 487 3189 529.
503 3119 612 3183 Habere,
626 3131 676 3171 etc.
694 3119 769 3170 Hanc
785 3131 888 3171 senten·
933 3119 1047 3188 efflarunt,
1062 3118 1079 3169 i.
1090 3137 1112 3170 e.
1123 3117 1246 3170 accidunt
1256 3131 1282 3171 et
1294 3120 1439 3188 effugiunt,

383 3201 445 3254 tiam
467 3199 606 3270 assumpsit
629 3197 763 3260 Corneille,
791 3199 887 3260 Cinna,
932 3197 1046 3249 veniunt
1067 3197 1095 3247 in
1119 3213 1212 3250 manus
1233 3209 1260 3250 et
1282 3216 1297 3248 e
1322 3199 1440 3251 manibus

383 3291 432 3332 act.
450 3280 493 3344 ll,
509 3297 578 3331 scen.
596 3297 627 3331 1:
934 3277 1048 3329 avolant.

384 3373 410 3413 te
423 3373 514 3412 bonhem
528 3381 575 3422 peut
587 3373 680 3411 cuuduire
692 3371 701 3410 d
715 3371 732 3409 Ιι
747 3373 845 3423 grandi-ur
858 3387 888 3410 su·
975 3357 1040 3425 539.
1055 3355 1320 3426 Tuajam,etc.N1hd
1333 3357 1360 3409 in
1372 3358 1440 3410 huuc

449 3441 527 3495 prtum
632 3459 635 3464 ·
820 3457 826 3470 ·
933 3433 1441 3500 versumadnotatores‚lieetlocusiu-

286 3545 291 3556 ,
385 3513 448 3558 Mais.
459 3527 510 3566 pour
520 3527 532 3564 y
542 3525 650 3556 nucum,
661 3511 674 3550 it
684 3509 749 3550 taust·
757 3523 811 3550 versu
821 3513 890 3551 meme.
934 3515 1123 3585 tem-emtione
1131 3513 1254 3586 indigeat·
1264 3517 1370 3588 lump·
1378 3515 1440 3569 Con,

427 3595 489 3647 530,
499 3595 632 3662 Diipmin,
645 3605 695 3645 etc.
708 3593 783 3664 Virg.
793 3597 853 3645 AEn.
864 3595 890 3656 1,
931 3598 983 3660 pe':
999 3595 1066 3645 Vous
1080 3595 1156 3646 l'auez
1170 3598 1263 3667 sequias
1276 3592 1311 3656 (Ιι
1325 3593 1439 3666 gleire):

386 3679 440 3743 607
457 3693 463 3725 :
482 3673 531 3724 -ui
548 3673 596 3724 tibi
611 3670 646 3733 (si
663 3691 712 3742 qua
729 3673 787 3743 pios
802 3691 888 3743 respe-
935 3674 958 3724 ta
973 3677 1063 3724 misane
1073 3675 1136 3725 n'est
1146 3695 1192 3745 pas
1203 3680 1346 3727 commences
1357 3697 1367 3729 .·
1377 3679 1402 3744 je
1413 3696 1441 3727 ue

385 3766 457 3807 ctaut
468 3753 594 3816 numina,
607 3753 627 3804 si
643 3751 708 3824 quid
720 3753 839 3821 Usquam
850 3753 891 3822 ju·
934 3769 998 3804 reus
1013 3756 1084 3822 point
1102 3758 1192 3824 ngruer.
1211 3755 1244 3806 Et
1261 3755 1335 3806 Leve'e
1355 3775 1363 3806 .·
1379 3757 1399 3807 ἱί
1413 3775 1441 3806 us

385 3832 461 3886 stitiae
469 3823 527 3895 est),
535 3845 561 3884 et
569 3849 643 3884 meus
652 3831 701 3884 sibi
711 3831 817 3884 conscia
825 3831 889 3884 recti
935 3849 1034 3904 aruaque
1046 3835 1122 3884 stent
1136 3845 1201 3885 autre
1211 3836 1306 3904 gtoim
1318 3835 1343 3885 Ia
1355 3840 1441 3885 misum

384 3912 494 3964 Praemia
507 3910 585 3981 digua
600 3911 695 3964 feraut.
709 3937 719 3957 ι
935 3913 1049 3980 u'estpas
1058 3915 1270 3981 rornmeucde5j’ai
1276 3917 1328 3983 pris
1338 3915 1442 3980 dasem

426 3989 490 4042 531.
507 3992 634 4059 Regiam...
650 4003 737 4042 notam.
754 3989 889 4044 Diadema.
935 3992 1312 4063 resolutiundeuepointregrm.
1323 3993 1442 4065 Uterque

426 4069 492 4122 536.
505 4071 628 4140 Irrflucntis
641 4071 703 4121 dorsu
710 4071 826 4136 sortuuoe.
841 4069 890 4122 Fa·
935 4071 1001 4122 mihi
1014 4071 1119 4124 uidetur
1132 4073 1153 4123 si
1169 4073 1256 4124 minus
1269 4090 1375 4125 versum
1388 4091 1443 4124 om-

382 4150 467 4204 sentis
483 4148 552 4202 dona
568 4150 688 4202 fortunae.
705 4149 790 4202 Affert
807 4149 890 4202 Bade·
935 4169 1011 4213 uem,
1026 4151 1115 4202 saltem
1134 4164 1208 4201 ussat
1225 4171 1275 4202 mea
1293 4169 1349 4203 non
1366 4153 1442 4205 intel-
