3172 5138
399 509 468 607 378
686 513 726 578 n.
751 511 932 581 Auum
956 511 1165 580 sennen

447 633 525 703 Non
547 631 574 701 si
597 629 731 702 revulso
748 632 881 727 Jupiter
900 630 1028 701 mundo
1047 646 1158 716 tonet,

443 742 660 835 Mediumque
678 757 809 811 nostros
829 741 954 812 fulmen
974 742 1009 811 in
1027 766 1133 812 nexus
1148 742 1265 831 cadat,
1431 771 1455 804 s·
1544 805 1545 808 ,

443 855 583 922 Manum
602 851 689 920 hanc
707 851 896 920 remittam:
916 851 1110 947 prohibeas,
1131 853 1283 947 genitor,
1303 853 1393 942 lieet,

443 968 569 1057 Regem
587 959 809 1048 abnuentem
830 961 970 1056 dirigam
991 960 1086 1030 iuviti
1106 962 1258 1056 gradum.

441 1075 481 1142 In
502 1069 599 1166 plana
617 1069 747 1140 tendis?
761 1068 844 1138 vado
863 1097 871 1138 :
893 1087 1061 1167 praerupta
1079 1071 1231 1167 appetis?

444 1181 520 1249 Non
537 1179 651 1266 obsto,
666 1178 723 1250 sed
740 1178 891 1275 praecedo
908 1206 916 1248 :
937 1181 1055 1274 quovis
1074 1194 1167 1250 utere

441 1294 537 1361 Duce
555 1315 627 1374 me;
643 1288 773 1358 duobus
792 1289 901 1358 omnis
921 1287 1055 1384 eligitur
1073 1290 1135 1362 via.

442 1399 556 1470 Perire
575 1400 645 1468 sine
664 1421 805 1468 menon
823 1412 937 1493 potes;
960 1421 1090 1469 mecum
1107 1412 1212 1492 potes.

443 1510 506 1580 Hic
523 1507 590 1578 alta
608 1531 708 1602 rupes
726 1506 833 1577 arduo
849 1509 956 1602 surgit
968 1508 1071 1604 jugo,

438 1624 639 1714 spectatque
653 1617 751 1712 longe
769 1618 876 1720 spatia
892 1619 1032 1713 subjecti
1048 1620 1161 1689 maris.

436 1731 497 1801 Vis
515 1728 603 1798 hanc
618 1725 792 1824 petamus?
809 1727 930 1798 Nudus
950 1728 1006 1798 hic
1023 1727 1147 1823 pendet
1162 1728 1261 1818 silex3

439 1840 503 1910 Hic
521 1839 621 1908 scissa
642 1835 738 1906 tellus
756 1837 906 1908 faucibus
925 1840 1032 1933 ruptis
1051 1840 1145 1909 hiat:

390 2003 498 2057 regem,
521 1981 549 2034 in
573 1980 702 2035 ultionem
722 1999 774 2034 run
797 1981 899 2054 injurie
942 1981 1105 2036 diwriminie
1122 1981 1294 2036 subeundum
1313 1984 1362 2052 eit,
1381 1986 1446 2057 prior

391 2061 528 2134 compulit·
943 2062 1061 2115 subeam.

427 2142 469 2211 59.
491 2145 546 2193 Non
562 2142 584 2190 si
602 2141 709 2198 mulsa,
722 2149 771 2192 ete.
791 2137 900 2192 Etiamsi
978 2143 1020 2204 64.
1033 2143 1120 2206 Quavis
1130 2155 1212 2207 utem,
1224 2151 1275 2194 ete.
1290 2141 1386 2214 Accipe
1393 2163 1446 2210 qne·

390 2221 496 2292 Jupiter
509 2233 564 2270 tem
578 2217 695 2270 violento
709 2215 817 2270 fulmine
831 2216 900 2270 into·
943 2221 977 2270 vis
990 2222 1051 2270 duee
1061 2237 1108 2290 pro
1122 2223 1185 2272 duce
1195 2225 1232 2271 ad
1242 2225 1349 2288 querunt
1359 2225 1445 2284 tecm,

389 2311 450 2364 net,
464 2311 494 2352 ut
505 2294 640 2360 mundus,
655 2293 683 2347 id
698 2307 751 2359 eat,
764 2296 832 2350 sicut
845 2295 899 2370 pri·
942 2314 1001 2368 qun
1014 2309 1040 2349 te
1053 2297 1192 2351 comitetur
1205 2298 1233 2350 in
1246 2299 1340 2370 pleno,
1349 2311 1375 2353 te
1389 2319 1446 2352 rem

389 2378 450 2432 dem
474 2376 583 2441 monui,
602 2375 715 2442 caelum,
731 2376 899 2429 concutiatur
941 2375 968 2428 in
988 2387 1121 2448 praerupta
1137 2375 1287 2449 procedat,
1304 2389 1391 2431 tecum
1405 2391 1444 2432 ant

389 2453 668 2530 etpropererellatnr.
942 2453 1111 2519 victura‚aut
1120 2455 1251 2527 peritura.

423 2538 465 2588 6ο.
479 2536 645 2600 Mediumque,
654 2543 703 2586 etc·
712 2531 898 2604 Neqnieqnarn
976 2537 1020 2590 65.
1033 2539 1147 2602 Duobus,
1160 2549 1211 2590 etc.
1225 2535 1378 2590 Dummodo
1387 2540 1445 2610 jun-

388 2615 451 2670 velit
473 2611 579 2684 Jupiter
600 2609 657 2664 telie
679 2611 733 2663 auis
754 2623 814 2664 tea
836 2629 897 2664 men
941 2615 977 2668 cti
993 2616 1044 2668 iter
1062 2617 1202 2677 faciemus,
1216 2615 1362 2687 quamlibet
1380 2615 1443 2669 riam

387 2692 525 2764 complexu
542 2688 679 2745 dividere:
695 2709 778 2762 neque
791 2691 838 2744 tibi
851 2691 897 2744 ad·
940 2693 1023 2766 elige:
1038 2695 1153 2756 nnllam,
1166 2695 1338 2766 quantumvis
1349 2695 1444 2766 pericn-
1543 2745 1544 2778 p

387 2773 508 2833 harene,
527 2781 552 2822 et
570 2769 622 2823 vita
637 2768 709 2842 prini
724 2769 789 2822 mihi
804 2769 897 2843 eripie·
940 2771 1444 2850 loaeeit‚ambobnrrecuao.—1tlrssgimr.

387 2865 439 2914 tur,
451 2867 531 2922 quam
545 2849 657 2922 genitor.
672 2847 803 2902 Similiter
809 2848 895 2921 perri-
940 2851 990 2905 Pro
999 2856 1058 2922 eligi
1064 2868 1151 2922 potest.

386 2930 486 2986 unciam
507 2948 583 2983 auem
609 2939 716 2982 tentatur
737 2928 847 2982 Philoct.
866 2929 895 2982 in
974 2934 1017 3002 67.
1032 2935 1080 2984 Hr'r
1087 2922 1141 2984 itta
1150 2950 1232 2999 rupes,
1244 2943 1296 2985 etc.
1309 2933 1443 3004 Postquam

385 3009 510 3083 Sophoei.
533 3028 599 3079 ¹¹97
617 3026 624 3061 :
645 3038 656 3060 ι
666 3005 801 3076 Oddr'rcor',
824 3007 895 3064 auti·
937 3010 1007 3080 patri
1020 3009 1147 3084 eligendoe
1159 3011 1301 3082 cujuslibet
1315 3011 1366 3065 riae
1377 3023 1443 3084 pote·

385 3099 443 3146 ποτ’
460 3083 471 3162 (
477 3093 525 3146 mn
538 3085 593 3143 τόδ’
603 3081 725 3162 (perdor)
738 3085 792 3143 ott·
801 3091 821 3144 at
836 3111 896 3164 πυρα
936 3099 1030 3142 etatem
1041 3087 1131 3153 dedit,
1147 3107 1179 3143 en
1190 3087 1343 3144 conditione
1356 3102 1386 3142 nt
1398 3095 1443 3144 ele·

385 3174 454 3243 φόρος
470 3171 655 3242 ἀστεροπητὴς,
667 3181 719 3222 ete.
730 3192 742 3212 ι
937 3177 1008 3219 ctum
1026 3166 1104 3219 ambo
1118 3165 1320 3238 ingrediantur,
1337 3169 1442 3222 circum
1542 3171 1543 3174 ’

417 3251 461 3302 61.
483 3253 586 3300 Manum
602 3250 674 3300 hanc.
690 3247 793 3311 Tuam,
811 3264 893 3317 quam
936 3255 1032 3298 stanter
1050 3245 1122 3298 locor
1142 3243 1271 3299 describit
1291 3247 1339 3300 ubi
1355 3265 1441 3301 neeern

383 3339 469 3382 teneo.
479 3327 587 3380 Errmee
595 3325 660 3378 mihi
669 3324 772 3378 ridetur
782 3323 892 3380 Forcell.
935 3322 1054 3377 invenire
1067 3337 1182 3395 queant,
1195 3337 1223 3377 et
1237 3325 1373 3398 OEdipum
1387 3345 1441 3379 rna·

383 3407 430 3478 qui
443 3407 471 3460 in
484 3406 562 3460 lexie'.
577 3404 612 3460 ed
625 3423 718 3459 vocam
731 3406 840 3467 nmine,
853 3405 891 3459 lo·
935 3399 980 3455 det
988 3401 1089 3474 profari
1100 3438 1109 3465 ,
1121 3421 1237 3475 quonam
1249 3402 1347 3457 deduci
1357 3404 1425 3459 velit.

382 3503 443 3538 cnm
464 3485 579 3558 euplicat
595 3484 669 3558 qumi
689 3481 724 3536 de
743 3501 823 3535 mann
843 3503 891 3538 eur
969 3481 1013 3534 68.
1033 3483 1144 3549 subjecti.
1165 3481 1217 3534 Cui
1234 3501 1314 3555 rupee
1334 3485 1439 3558 desuper

382 3563 506 3636 loquatur
519 3565 655 3636 Antigone.
767 3561 771 3568 '
933 3556 1061 3613 imminet.
1249 3555 1253 3566 '
1541 3603 1542 3624 ÷

418 3642 603 3712 eampum,
614 3655 664 3696 etc.
674 3641 824 3713 simplam
833 3659 891 3712 gra·
968 3640 1013 3708 69.
1035 3642 1129 3692 Nudus.
1150 3639 1236 3694 Nullis
1254 3641 1387 3695 fructibus
1401 3659 1440 3694 re·

383 3719 481 3787 diurn,
499 3723 544 3774 ubi
564 3734 650 3776 tutum
673 3723 722 3776 iter
738 3721 786 3774 tibi
800 3732 889 3793 patet,
932 3717 1017 3770 utitur.
1032 3717 1105 3790 Virg.
1120 3718 1210 3770 Bueol.
1228 3719 1320 3784 1,15‚
1338 3723 1437 3773 silicem

380 3798 483 3853 assidue
500 3817 589 3854 comes
604 3817 671 3855 ero:
688 3813 714 3854 at
730 3801 752 3852 ri
767 3798 889 3854 horridos
933 3794 1009 3849 andri.
1024 3827 1059 3837 -
1071 3801 1171 3848 Pendet.
1181 3797 1264 3863 Queri
1277 3800 1382 3854 ruinam
1395 3801 1438 3852 mi·

380 3878 511 3932 montium
525 3879 629 3951 apices,
644 3879 703 3933 loca
719 3875 890 3932 formidolosa
934 3887 1013 3928 netur
1025 3887 1052 3928 et
1065 3875 1092 3927 in
1105 3893 1220 3948 praecepa
1234 3895 1343 3932 carnrnr
1356 3879 1437 3931 videa·

380 3968 405 4010 et
418 3956 536 4028 periculo
549 3959 626 4028 plena
640 3958 821 4032 persequaris,
836 3969 889 4010 ture
932 3965 985 4021 tur,
997 3967 1106 4028 propter
1117 3955 1219 4008 hiatum
1232 3957 1318 4010 rmum
1332 3959 1435 4012 telluris.

378 4034 484 4106 quidem
497 4037 626 4089 voluntati
642 4056 695 4090 uon
709 4055 758 4111 per
771 4038 824 4091 vim
838 4037 889 4089 ob·
967 4052 1011 4105 7⁰·
1022 4037 1109 4086 Scitin.
1121 4034 1199 4088 Mart.
1211 4035 1274 4098 ΧΠ,
1285 4037 1320 4090 63
1331 4055 1339 4089 :
1352 4063 1363 4084 ι
1374 4037 1436 4090 Scin·

378 4113 745 4186 stebo‚aedantecedam‚nt
757 4113 889 4188 quidquid
933 4131 960 4166 aa
979 4112 1077 4168 hnmur
1096 4112 1130 4168 ad
1150 4115 1276 4168 Manen·
1296 4146 1331 4157 -
1352 4119 1435 4170 retus.
