3090 5142
383 488 463 556 xxiv
583 491 612 556 J.
631 491 764 558 LlPSll
789 491 850 558 DE
876 493 949 560 HIS
970 491 1241 562 TRAGOEDIIS

381 611 566 699 scriptuli).
579 612 721 695 Quartus
733 611 871 699 scriptor
883 610 1113 701 producendus
1125 629 1191 678 est:
1210 612 1265 678 sed
1279 615 1442 705 ambigue.

379 718 460 782 Nam
478 740 538 782 nec
555 717 650 799 novi,
675 739 736 781 nec
754 717 849 781 nimis
866 717 1024 782 affirmate
1043 717 1084 782 de
1102 739 1142 782 eo
1169 719 1338 786 affirmem.
1359 721 1441 786 Sen-

378 828 459 890 tisco
479 841 587 889 tamen
605 846 680 888 eum
703 824 738 887 in
762 825 919 890 Octavia:
942 848 1014 912 quae
1033 825 1127 890 nimis
1148 842 1274 890 mutare
1299 843 1331 890 et
1351 828 1441 892 abire

377 913 507 996 iidetur
529 929 570 994 ab
590 929 659 994 aliis
686 929 865 1019 tragoediis,
890 931 956 995 imo
977 931 1110 994 verbere
1127 929 1328 994 eruditorum
1352 934 1440 997 exei-

376 1035 507 1125 pienda,
528 1058 593 1100 non
611 1034 747 1123 plausu.
763 1034 939 1099 Considera
957 1059 964 1101 :
985 1057 1045 1098 nec
1060 1033 1133 1098 ride
1150 1051 1291 1118 tantum,
1313 1037 1369 1100 sed
1388 1043 1439 1102 lu-

376 1158 440 1207 stra
453 1165 460 1206 ε
475 1141 553 1229 quid
563 1163 630 1204 non
640 1142 673 1204 in
683 1163 720 1204 ea
735 1141 927 1229 protritum,
944 1141 1101 1228 vulgare?
1117 1141 1183 1204 imo
1199 1158 1234 1205 et
1247 1142 1329 1206 vile?
1340 1165 1438 1230 quam

376 1248 476 1311 multa
494 1247 591 1310 rebus
606 1247 777 1333 verbisque
798 1246 931 1334 inepta?
955 1268 1028 1333 quae
1043 1246 1130 1334 piget
1144 1269 1313 1334 excerpere
1331 1264 1364 1311 et
1382 1249 1439 1312 ob-

370 1351 470 1432 jicere
487 1351 547 1414 tibi
562 1350 754 1440 singillatim.
778 1350 864 1414 Puer
881 1372 942 1439 ego
958 1372 1054 1430 sum,
1074 1349 1168 1420 nisio
1185 1373 1342 1440 poeroea
1359 1353 1437 1416 seri-

294 1469 299 1479 '
374 1473 448 1547 pta;
462 1477 549 1522 certe
564 1459 656 1545 pueri
674 1455 783 1522 modo.
1008 1523 1011 1532 ,

418 1563 524 1629 Habes
545 1561 586 1626 de
602 1561 829 1651 tragoediarum
845 1561 1056 1649 scriptoribus
1075 1583 1185 1624 meum
1207 1583 1360 1628 sensum:
1379 1563 1436 1628 ad·

372 1673 447 1737 dam
470 1687 502 1734 et
520 1666 561 1734 de
576 1669 663 1757 ipsis.
678 1670 766 1732 Duas
780 1668 921 1732 duorum
936 1669 1066 1732 eximias
1083 1691 1200 1732 censeo
1211 1691 1218 1732 :
1229 1669 1349 1756 quibus
1364 1670 1435 1735 lau·

372 1777 465 1843 dator
476 1799 553 1866 ego,
573 1797 641 1838 non
657 1797 781 1839 censor.
798 1775 836 1836 In
853 1774 921 1837 aliis
937 1775 1071 1838 virtutes
1085 1771 1197 1856 video,
1213 1773 1348 1839 sednon
1364 1777 1434 1840 sine

371 1886 510 1949 mixtura
524 1882 687 1946 vitiorum.
702 1880 841 1968 Magnus
861 1879 1000 1969 Scaliger
1017 1880 1107 1967 quod
1125 1897 1190 1944 tam
1208 1878 1373 1945 laudatum
1393 1881 1434 1946 de

371 1992 421 2056 his
440 1988 662 2054 testimonium
686 1987 810 2066 tulerit,
830 2002 868 2049 ut
883 1987 977 2050 etiam
1001 1986 1121 2050 Graecis
1140 1988 1377 2074 anteposuerit,
1391 2011 1432 2052 an

371 2119 409 2160 er
423 2093 523 2159 vero?
542 2114 609 2155 non
627 2090 761 2171 dixeris,
787 2091 847 2154 nisi
866 2089 907 2154 ad
927 2093 1045 2178 primas
1068 2091 1138 2155 illas
1156 2090 1320 2180 adspectu.
1348 2095 1431 2159 Nam

370 2217 489 2265 caeterae
503 2197 649 2287 profecto
667 2218 734 2259 non
753 2195 933 2260 ascendunt
949 2198 1075 2260 eulmen
1088 2195 1176 2261 istud
1193 2197 1304 2263 laudis.
1323 2199 1430 2264 Sonus

369 2308 402 2369 in
421 2306 460 2369 iis
478 2319 509 2367 et
526 2294 696 2392 granditas
707 2301 854 2388 quaedam
874 2301 1011 2389 tragica,
1030 2302 1154 2366 fateor:
1172 2300 1229 2366 sed
1252 2326 1363 2367 nonne
1382 2307 1430 2368 af-

367 2411 496 2476 fectatio
518 2429 601 2496 saepe
627 2424 660 2471 et
676 2406 808 2471 tumor?
832 2405 938 2471 Verba
956 2423 989 2470 et
1015 2405 1114 2471 dictio
1132 2431 1172 2470 an
1196 2430 1431 2497 usquequaque

368 2513 490 2581 electa?
504 2517 573 2578 lam
586 2511 752 2576 sententiae
767 2511 896 2598 probae,
917 2527 1036 2592 acutae,
1054 2512 1218 2576 interdurn
1232 2513 1273 2576 nd
1290 2516 1430 2578 miraeu-

366 2622 455 2685 lum:
473 2619 529 2683 sed
543 2639 654 2683 nonne
672 2620 756 2703 saipe
774 2632 807 2679 et
819 2615 1039 2680 sententiolae?
1053 2616 1087 2680 id
1104 2634 1153 2682 est
1168 2619 1284 2700 fracta,
1303 2619 1429 2683 minuta

366 2725 512 2818 quasdam
528 2724 628 2805 dicta,
646 2723 783 2787 obseura
801 2739 858 2786 aut
874 2745 953 2786 vana
972 2747 979 2788 :
1000 2745 1071 2810 quae
1088 2722 1242 2810 adspectu
1258 2725 1428 2788 blandian-

366 2849 431 2915 tur,
441 2853 574 2897 exeussa
592 2843 745 2893 moveant
759 2829 871 2892 risum
888 2829 957 2893 Nec
968 2829 1054 2893 enim
1065 2830 1203 2912 lumina,
1218 2829 1274 2894 sed
1284 2831 1428 2895 scintillae

366 2955 463 3002 sunt:
482 2959 541 3000 nec
557 2936 624 2998 reri
641 2937 804 3021 fortesque
820 2935 920 3013 ictus,
939 2933 996 2998 sed
1007 2983 1016 3015 ,
1028 2951 1067 2999 ut
1079 2936 1113 2999 in
1127 2937 1272 3017 somnio,
1288 2937 1378 3025 parvi
1395 2953 1428 3000 et

364 3043 438 3108 vani
463 3057 609 3106 conatus.
632 3041 720 3121 Quas
746 3055 852 3103 tamen
875 3040 959 3128 ipsas
979 3041 1094 3104 erebro
1112 3041 1208 3106 nimis
1228 3057 1260 3105 et
1280 3039 1320 3105 ad
1337 3042 1427 3108 fasti-

399 3303 438 3372 (ι)
453 3299 563 3363 critici,
588 3300 685 3352 frustra
703 3317 717 3351 a
738 3297 830 3370 Lipsio
843 3297 1010 3370 compellati,
1026 3298 1162 3350 Thebaida
1183 3317 1236 3350 non
1257 3301 1341 3352 solum
1356 3301 1426 3354 inter

363 3389 449 3460 prima
468 3407 575 3441 romana
595 3387 696 3458 scripta
716 3405 769 3438 non
789 3405 912 3454 posuere,
929 3385 976 3439 sed
998 3391 1075 3439 etiam
1099 3385 1132 3440 ad
1156 3385 1298 3442 deteriores
1319 3387 1425 3442 Senecas

363 3475 503 3546 tragoedias
524 3475 679 3546 relegaveris.
714 3473 758 3526 Sic
780 3491 793 3524 a
817 3473 917 3527 Botheo
942 3474 1039 3527 citatus
1065 3479 1133 3545 Aug.
1160 3475 1315 3528 Bnehnerus
1340 3477 1424 3549 Epist.

363 3574 434 3635 part.
450 3582 485 3626 s,
505 3566 559 3626 64:
582 3561 711 3633 -Lipsius
727 3558 848 3613 Troadas
864 3559 975 3614 trivialis
992 3560 1112 3631 Magistri
1130 3561 1221 3615 sotum
1232 3563 1334 3635 judicat
1345 3604 1353 3630 ,
1365 3581 1424 3635 quas

364 3651 478 3706 «divina
499 3649 578 3722 plane
598 3648 737 3722 ungudia,
757 3659 783 3701 et
802 3647 981 3718 reliquarum,
1001 3667 1068 3719 quas
1080 3648 1177 3702 Seneca
1193 3651 1311 3723 scripsit,
1333 3671 1422 3704 rerem

361 3741 515 3810 «princeps.
530 3738 628 3794 Contra
637 3735 775 3792 Thebaida
789 3737 822 3788 ita
839 3735 950 3798 attollit,
962 3735 999 3787 ita
1011 3735 1166 3799 admiratur,
1184 3750 1213 3789 ut
1226 3757 1300 3808 paene
1313 3738 1421 3806 adoret;

363 3853 375 3871 κ
388 3827 416 3878 in
435 3844 489 3898 quo
511 3825 558 3897 qui
580 3824 749 3888 assentiatur,
772 3822 904 3876 neminem
925 3822 1047 3888 habebit,
1070 3840 1124 3875 non
1148 3823 1194 3894 qui
1218 3824 1260 3877 vel
1284 3826 1423 3898 paululum

363 3940 375 3960 ·
387 3913 485 3966 biberit
500 3912 533 3967 de
549 3912 686 3966 Caballino
702 3913 782 3964 fonte.
807 3911 909 3982 Nempe
927 3907 961 3962 de
978 3910 1062 3980 poetis
1076 3909 1197 3982 judicare
1215 3931 1269 3964 uon
1292 3915 1342 3968 nisi
1361 3933 1423 3986 poe·

361 4026 373 4046 ·
383 4009 535 4062 toramen,
551 3999 633 4070 idque
652 4017 706 4051 non
725 3997 856 4062 omnium,
870 3995 915 4048 sed
930 3996 1122 4068 optimorum.»
1139 3997 1208 4052 vids
1226 4013 1252 4053 et
1272 4001 1342 4054 infra
1357 4019 1421 4074 pag.

359 4103 429 4142 xxxv
443 4101 468 4141 et
478 4107 551 4160 seqq.
561 4086 626 4160 quid
639 4087 731 4140 sentim
741 4087 808 4140 Dan.
818 4084 940 4140 Heinsius
949 4083 982 4138 de
991 4083 1043 4138 hoe
1052 4085 1133 4157 Lipsii
1142 4086 1254 4158 judicio.
1269 4091 1294 4142 l.
1305 4091 1332 4142 P.
