<?xml version="1.0" encoding="UTF-8"?>
<!DOCTYPE html PUBLIC "-//W3C//DTD XHTML 1.0 Transitional//EN"
    "http://www.w3.org/TR/xhtml1/DTD/xhtml1-transitional.dtd">
<html xmlns="http://www.w3.org/1999/xhtml" xml:lang="en" lang="en">
 <head>
  <title>
</title>
<meta http-equiv="Content-Type" content="text/html;charset=utf-8" />
  <meta name='ocr-system' content='tesseract 3.04.00' />
  <meta name='ocr-capabilities' content='ocr_page ocr_carea ocr_par ocr_line ocrx_word'/>
</head>
<body>
  <div class='ocr_page' id='page_1' title='image "./lannsenecparste02piergoog_0096.png"; bbox 0 0 3090 5142; ppageno 0'>
   <div class='ocr_carea' id='block_1_1' title="bbox 85 575 1244 1424">
    <p class='ocr_par' dir='ltr' id='par_1_1' title="bbox 466 575 1244 674">
     <span class='ocr_line' id='line_1_1' title="bbox 466 575 1244 674; baseline 0.003 -30"><span class='ocrx_word' id='word_1_1' title='bbox 466 575 775 645; x_wconf 79' lang='lat' dir='ltr'><strong>DlssERTATlo.</strong></span> <span class='ocrx_word' id='word_1_2' title='bbox 1092 576 1147 674; x_wconf 85' lang='lat' dir='ltr'><strong>xcj</strong></span> <span class='ocrx_word' id='word_1_3' title='bbox 1237 623 1244 634; x_wconf 89' lang='lat'>-</span> 
     </span>
    </p>

    <p class='ocr_par' dir='ltr' id='par_1_2' title="bbox 85 695 1236 1424">
     <span class='ocr_line' id='line_1_2' title="bbox 122 695 1152 788; baseline 0.002 -24"><span class='ocrx_word' id='word_1_4' title='bbox 122 699 163 764; x_wconf 87' lang='lat' dir='ltr'><strong>lu</strong></span> <span class='ocrx_word' id='word_1_5' title='bbox 172 697 338 788; x_wconf 76' lang='lat' dir='ltr'><strong>plerisque</strong></span> <span class='ocrx_word' id='word_1_6' title='bbox 348 697 479 762; x_wconf 69' lang='grc' dir='ltr'><strong>ὃωωω</strong></span> <span class='ocrx_word' id='word_1_7' title='bbox 489 695 650 786; x_wconf 82' lang='lat' dir='ltr'><strong>tragoediis</strong></span> <span class='ocrx_word' id='word_1_8' title='bbox 667 695 778 760; x_wconf 85' lang='lat' dir='ltr'><strong>eadem</strong></span> <span class='ocrx_word' id='word_1_9' title='bbox 787 711 945 784; x_wconf 77' lang='lat' dir='ltr'><strong>estatquu</strong></span> <span class='ocrx_word' id='word_1_10' title='bbox 959 697 994 760; x_wconf 86' lang='lat' dir='ltr'><strong>iri</strong></span> <span class='ocrx_word' id='word_1_11' title='bbox 1009 699 1152 787; x_wconf 81' lang='lat' dir='ltr'>Thyeste</span> 
     </span>
     <span class='ocr_line' id='line_1_3' title="bbox 85 800 1152 892; baseline 0.002 -22"><span class='ocrx_word' id='word_1_12' title='bbox 85 827 189 870; x_wconf 84' lang='lat' dir='ltr'><strong>rerum</strong></span> <span class='ocrx_word' id='word_1_13' title='bbox 205 802 390 892; x_wconf 87' lang='lat' dir='ltr'><strong>dispositio.</strong></span> <span class='ocrx_word' id='word_1_14' title='bbox 406 802 526 868; x_wconf 88' lang='lat' dir='ltr'><strong>Omnia</strong></span> <span class='ocrx_word' id='word_1_15' title='bbox 539 800 692 866; x_wconf 83' lang='lat' dir='ltr'><strong>videntur</strong></span> <span class='ocrx_word' id='word_1_16' title='bbox 703 818 844 890; x_wconf 80' lang='lat' dir='ltr'><strong>reperta,</strong></span> <span class='ocrx_word' id='word_1_17' title='bbox 863 818 899 867; x_wconf 91' lang='lat' dir='ltr'><strong>ut</strong></span> <span class='ocrx_word' id='word_1_18' title='bbox 914 803 1016 868; x_wconf 81' lang='lat' dir='ltr'><strong>multa</strong></span> <span class='ocrx_word' id='word_1_19' title='bbox 1031 805 1152 872; x_wconf 68' lang='lat' dir='ltr'><strong>dacri-</strong></span> 
     </span>
     <span class='ocr_line' id='line_1_4' title="bbox 86 905 1152 996; baseline 0.003 -22"><span class='ocrx_word' id='word_1_20' title='bbox 86 910 181 976; x_wconf 84' lang='lat' dir='ltr'><strong>beudi</strong></span> <span class='ocrx_word' id='word_1_21' title='bbox 193 925 228 974; x_wconf 83' lang='lat' dir='ltr'><strong>et</strong></span> <span class='ocrx_word' id='word_1_22' title='bbox 243 909 346 976; x_wconf 84' lang='lat' dir='ltr'><strong>multa</strong></span> <span class='ocrx_word' id='word_1_23' title='bbox 361 905 521 996; x_wconf 84' lang='lat' dir='ltr'><strong>loquendi</strong></span> <span class='ocrx_word' id='word_1_24' title='bbox 534 923 638 996; x_wconf 75' lang='lat' dir='ltr'><strong>poetar</strong></span> <span class='ocrx_word' id='word_1_25' title='bbox 653 907 879 996; x_wconf 75' lang='lat' dir='ltr'><strong>suppeditetur</strong></span> <span class='ocrx_word' id='word_1_26' title='bbox 894 911 1030 976; x_wconf 90' lang='lat' dir='ltr'><strong>occasio.</strong></span> <span class='ocrx_word' id='word_1_27' title='bbox 1047 913 1152 978; x_wconf 85' lang='lat' dir='ltr'><strong>Totus</strong></span> 
     </span>
     <span class='ocr_line' id='line_1_5' title="bbox 87 1013 1236 1106; baseline 0.002 -24"><span class='ocrx_word' id='word_1_28' title='bbox 87 1016 187 1082; x_wconf 84' lang='lat' dir='ltr'><strong>effluit</strong></span> <span class='ocrx_word' id='word_1_29' title='bbox 200 1033 339 1106; x_wconf 80' lang='lat' dir='ltr'><strong>quartus</strong></span> <span class='ocrx_word' id='word_1_30' title='bbox 355 1015 480 1080; x_wconf 81' lang='lat' dir='ltr'><strong>Medeae</strong></span> <span class='ocrx_word' id='word_1_31' title='bbox 497 1031 606 1099; x_wconf 85' lang='lat' dir='ltr'><strong>actus,</strong></span> <span class='ocrx_word' id='word_1_32' title='bbox 623 1013 703 1078; x_wconf 85' lang='lat' dir='ltr'><strong>dunt</strong></span> <span class='ocrx_word' id='word_1_33' title='bbox 719 1016 850 1104; x_wconf 78' lang='lat' dir='ltr'><strong>magicas</strong></span> <span class='ocrx_word' id='word_1_34' title='bbox 864 1033 1036 1084; x_wconf 87' lang='lat' dir='ltr'><strong>narrantur</strong></span> <span class='ocrx_word' id='word_1_35' title='bbox 1051 1035 1151 1105; x_wconf 76' lang='lat' dir='ltr'><strong>anes,</strong></span> <span class='ocrx_word' id='word_1_36' title='bbox 1233 1029 1236 1036; x_wconf 87' lang='grc'><strong>’</strong></span> 
     </span>
     <span class='ocr_line' id='line_1_6' title="bbox 87 1119 1152 1211; baseline 0.003 -25"><span class='ocrx_word' id='word_1_37' title='bbox 87 1123 202 1210; x_wconf 87' lang='lat' dir='ltr'><strong>quibus</strong></span> <span class='ocrx_word' id='word_1_38' title='bbox 218 1137 331 1211; x_wconf 85' lang='lat' dir='ltr'><strong>pereat</strong></span> <span class='ocrx_word' id='word_1_39' title='bbox 347 1122 484 1203; x_wconf 83' lang='lat' dir='ltr'><strong>Creusa3</strong></span> <span class='ocrx_word' id='word_1_40' title='bbox 503 1136 617 1207; x_wconf 87' lang='lat' dir='ltr'><strong>atque,</strong></span> <span class='ocrx_word' id='word_1_41' title='bbox 635 1121 722 1184; x_wconf 89' lang='lat' dir='ltr'><strong>inter</strong></span> <span class='ocrx_word' id='word_1_42' title='bbox 734 1119 820 1202; x_wconf 88' lang='lat' dir='ltr'><strong>haec,</strong></span> <span class='ocrx_word' id='word_1_43' title='bbox 839 1124 996 1187; x_wconf 91' lang='lat' dir='ltr'><strong>nonnulla</strong></span> <span class='ocrx_word' id='word_1_44' title='bbox 1013 1123 1057 1188; x_wconf 88' lang='lat' dir='ltr'><strong>ita</strong></span> <span class='ocrx_word' id='word_1_45' title='bbox 1073 1125 1152 1210; x_wconf 72' lang='lat' dir='ltr'><strong>scri7</strong></span> 
     </span>
     <span class='ocr_line' id='line_1_7' title="bbox 87 1225 1150 1318; baseline 0.008 -28"><span class='ocrx_word' id='word_1_46' title='bbox 87 1228 218 1310; x_wconf 89' lang='lat' dir='ltr'><strong>buntur,</strong></span> <span class='ocrx_word' id='word_1_47' title='bbox 233 1244 273 1292; x_wconf 90' lang='lat' dir='ltr'><strong>ut</strong></span> <span class='ocrx_word' id='word_1_48' title='bbox 289 1227 372 1291; x_wconf 90' lang='lat' dir='ltr'><strong>nihil</strong></span> <span class='ocrx_word' id='word_1_49' title='bbox 384 1227 546 1294; x_wconf 85' lang='lat' dir='ltr'><strong>absonum</strong></span> <span class='ocrx_word' id='word_1_50' title='bbox 559 1225 661 1316; x_wconf 79' lang='lat' dir='ltr'><strong>turgis</strong></span> <span class='ocrx_word' id='word_1_51' title='bbox 674 1242 707 1296; x_wconf 84' lang='lat' dir='ltr'><strong>et</strong></span> <span class='ocrx_word' id='word_1_52' title='bbox 722 1225 881 1296; x_wconf 71' lang='lat' dir='ltr'><strong>insutum</strong></span> <span class='ocrx_word' id='word_1_53' title='bbox 896 1229 1030 1316; x_wconf 83' lang='lat' dir='ltr'><strong>reperiri</strong></span> <span class='ocrx_word' id='word_1_54' title='bbox 1044 1247 1150 1318; x_wconf 86' lang='lat' dir='ltr'><strong>queat.</strong></span> 
     </span>
     <span class='ocr_line' id='line_1_8' title="bbox 88 1329 1150 1424; baseline 0.003 -26"><span class='ocrx_word' id='word_1_55' title='bbox 88 1333 259 1424; x_wconf 80' lang='lat' dir='ltr'><strong>Postquam</strong></span> <span class='ocrx_word' id='word_1_56' title='bbox 275 1333 392 1399; x_wconf 86' lang='lat' dir='ltr'><strong>Medea</strong></span> <span class='ocrx_word' id='word_1_57' title='bbox 404 1355 503 1397; x_wconf 88' lang='lat' dir='ltr'><strong>omne</strong></span> <span class='ocrx_word' id='word_1_58' title='bbox 514 1349 701 1420; x_wconf 74' lang='lat' dir='ltr'>serpentum</span> <span class='ocrx_word' id='word_1_59' title='bbox 715 1355 819 1422; x_wconf 85' lang='lat' dir='ltr'><strong>genus</strong></span> <span class='ocrx_word' id='word_1_60' title='bbox 831 1333 975 1400; x_wconf 81' lang='lat' dir='ltr'><strong>carmine</strong></span> <span class='ocrx_word' id='word_1_61' title='bbox 985 1329 1150 1402; x_wconf 83' lang='lat' dir='ltr'><strong>evocavit:</strong></span> 
     </span>
    </p>
   </div>
   <div class='ocr_carea' id='block_1_2' title="bbox 222 1471 891 2523">
    <p class='ocr_par' dir='ltr' id='par_1_3' title="bbox 222 1471 891 2523">
     <span class='ocr_line' id='line_1_9' title="bbox 384 1471 774 1556; baseline 0.008 -18"><span class='ocrx_word' id='word_1_62' title='bbox 384 1485 470 1542; x_wconf 79' lang='lat' dir='ltr'><strong>Parva</strong></span> <span class='ocrx_word' id='word_1_63' title='bbox 482 1497 558 1552; x_wconf 85' lang='lat' dir='ltr'><strong>suut,</strong></span> <span class='ocrx_word' id='word_1_64' title='bbox 571 1471 673 1556; x_wconf 73' lang='lat' dir='ltr'><strong>iuqnlt,</strong></span> <span class='ocrx_word' id='word_1_65' title='bbox 686 1485 774 1554; x_wconf 76' lang='lat' dir='ltr'><strong>mala,</strong></span> 
     </span>
     <span class='ocr_line' id='line_1_10' title="bbox 223 1571 832 1645; baseline 0.002 -18"><span class='ocrx_word' id='word_1_66' title='bbox 223 1573 257 1627; x_wconf 85' lang='lat' dir='ltr'><strong>Et</strong></span> <span class='ocrx_word' id='word_1_67' title='bbox 270 1574 325 1628; x_wconf 78' lang='lat' dir='ltr'><strong>vile</strong></span> <span class='ocrx_word' id='word_1_68' title='bbox 338 1574 423 1628; x_wconf 86' lang='lat' dir='ltr'><strong>telum</strong></span> <span class='ocrx_word' id='word_1_69' title='bbox 435 1583 489 1636; x_wconf 85' lang='lat' dir='ltr'><strong>est,</strong></span> <span class='ocrx_word' id='word_1_70' title='bbox 503 1571 555 1628; x_wconf 83' lang='lat' dir='ltr'><strong>irna</strong></span> <span class='ocrx_word' id='word_1_71' title='bbox 568 1571 643 1645; x_wconf 88' lang='lat' dir='ltr'><strong>quod</strong></span> <span class='ocrx_word' id='word_1_72' title='bbox 654 1572 730 1633; x_wconf 82' lang='lat' dir='ltr'><strong>tellus</strong></span> <span class='ocrx_word' id='word_1_73' title='bbox 744 1583 832 1628; x_wconf 71' lang='lat' dir='ltr'><strong>crau:</strong></span> 
     </span>
     <span class='ocr_line' id='line_1_11' title="bbox 225 1661 855 1734; baseline -0.003 -19"><span class='ocrx_word' id='word_1_74' title='bbox 225 1663 297 1716; x_wconf 73' lang='lat' dir='ltr'><strong>Celo</strong></span> <span class='ocrx_word' id='word_1_75' title='bbox 311 1673 398 1734; x_wconf 84' lang='lat' dir='ltr'><strong>petam</strong></span> <span class='ocrx_word' id='word_1_76' title='bbox 412 1679 523 1714; x_wconf 84' lang='lat' dir='ltr'><strong>venena.</strong></span> <span class='ocrx_word' id='word_1_77' title='bbox 537 1661 597 1713; x_wconf 84' lang='lat' dir='ltr'><strong>Jaur</strong></span> <span class='ocrx_word' id='word_1_78' title='bbox 611 1679 685 1713; x_wconf 85' lang='lat' dir='ltr'><strong>nuuc</strong></span> <span class='ocrx_word' id='word_1_79' title='bbox 698 1671 802 1734; x_wconf 85' lang='lat' dir='ltr'><strong>tempus</strong></span> <span class='ocrx_word' id='word_1_80' title='bbox 816 1661 855 1713; x_wconf 87' lang='lat' dir='ltr'><strong>&#39;est</strong></span> 
     </span>
     <span class='ocr_line' id='line_1_12' title="bbox 223 1742 785 1816; baseline -0.009 -18"><span class='ocrx_word' id='word_1_81' title='bbox 223 1743 333 1816; x_wconf 72' lang='lat' dir='ltr'><strong>Aliquid</strong></span> <span class='ocrx_word' id='word_1_82' title='bbox 347 1761 457 1800; x_wconf 76' lang='lat' dir='ltr'><strong>movere</strong></span> <span class='ocrx_word' id='word_1_83' title='bbox 469 1744 564 1798; x_wconf 77' lang='lat' dir='ltr'><strong>fraude</strong></span> <span class='ocrx_word' id='word_1_84' title='bbox 578 1743 682 1814; x_wconf 77' lang='lat' dir='ltr'><strong>vulgari</strong></span> <span class='ocrx_word' id='word_1_85' title='bbox 696 1742 785 1796; x_wconf 78' lang='lat' dir='ltr'><strong>ultius.</strong></span> 
     </span>
     <span class='ocr_line' id='line_1_13' title="bbox 225 1833 754 1905; baseline 0.002 -18"><span class='ocrx_word' id='word_1_86' title='bbox 225 1835 286 1889; x_wconf 77' lang='lat' dir='ltr'><strong>Huc</strong></span> <span class='ocrx_word' id='word_1_87' title='bbox 301 1835 348 1888; x_wconf 88' lang='lat' dir='ltr'><strong>ille</strong></span> <span class='ocrx_word' id='word_1_88' title='bbox 361 1835 428 1890; x_wconf 81' lang='lat' dir='ltr'><strong>vasti</strong></span> <span class='ocrx_word' id='word_1_89' title='bbox 440 1851 514 1889; x_wconf 83' lang='lat' dir='ltr'><strong>ruore</strong></span> <span class='ocrx_word' id='word_1_90' title='bbox 528 1833 652 1890; x_wconf 82' lang='lat' dir='ltr'><strong>torrentis</strong></span> <span class='ocrx_word' id='word_1_91' title='bbox 663 1834 754 1905; x_wconf 70' lang='lat' dir='ltr'><strong>jacens</strong></span> 
     </span>
     <span class='ocr_line' id='line_1_14' title="bbox 224 1920 824 1995; baseline -0.005 -18"><span class='ocrx_word' id='word_1_92' title='bbox 224 1921 375 1977; x_wconf 85' lang='lat' dir='ltr'><strong>Descendat</strong></span> <span class='ocrx_word' id='word_1_93' title='bbox 389 1923 501 1995; x_wconf 74' lang='lat' dir='ltr'><strong>anguis5</strong></span> <span class='ocrx_word' id='word_1_94' title='bbox 519 1925 594 1994; x_wconf 81' lang='lat' dir='ltr'><strong>cujus</strong></span> <span class='ocrx_word' id='word_1_95' title='bbox 608 1926 752 1975; x_wconf 87' lang='lat' dir='ltr'><strong>immensos</strong></span> <span class='ocrx_word' id='word_1_96' title='bbox 764 1920 824 1974; x_wconf 84' lang='lat' dir='ltr'><strong>dure</strong></span> 
     </span>
     <span class='ocr_line' id='line_1_15' title="bbox 223 2007 802 2084; baseline -0.007 -20"><span class='ocrx_word' id='word_1_97' title='bbox 223 2012 313 2084; x_wconf 67' lang='lat' dir='ltr'><strong>Major</strong></span> <span class='ocrx_word' id='word_1_98' title='bbox 330 2011 472 2082; x_wconf 82' lang='lat' dir='ltr'>minorque</span> <span class='ocrx_word' id='word_1_99' title='bbox 487 2009 607 2064; x_wconf 86' lang='lat' dir='ltr'><strong>sentiunt</strong></span> <span class='ocrx_word' id='word_1_100' title='bbox 620 2007 706 2062; x_wconf 89' lang='lat' dir='ltr'><strong>nodos</strong></span> <span class='ocrx_word' id='word_1_101' title='bbox 722 2009 785 2061; x_wconf 73' lang='lat' dir='ltr'><strong>ferar</strong></span> <span class='ocrx_word' id='word_1_102' title='bbox 793 2025 802 2073; x_wconf 64' lang='grc' dir='ltr'><strong><em>ς</em></strong></span> 
     </span>
     <span class='ocr_line' id='line_1_16' title="bbox 223 2096 799 2171; baseline -0.009 -18"><span class='ocrx_word' id='word_1_103' title='bbox 223 2100 315 2171; x_wconf 74' lang='lat' dir='ltr'><strong>Major</strong></span> <span class='ocrx_word' id='word_1_104' title='bbox 330 2098 465 2171; x_wconf 75' lang='lat' dir='ltr'><strong>Pelasgis,</strong></span> <span class='ocrx_word' id='word_1_105' title='bbox 486 2109 545 2169; x_wconf 85' lang='lat' dir='ltr'><strong>apta</strong></span> <span class='ocrx_word' id='word_1_106' title='bbox 560 2097 676 2156; x_wconf 85' lang='lat' dir='ltr'><strong>Sidoniis</strong></span> <span class='ocrx_word' id='word_1_107' title='bbox 693 2096 799 2150; x_wconf 65' lang='lat' dir='ltr'><strong>minore</strong></span> 
     </span>
     <span class='ocr_line' id='line_1_17' title="bbox 223 2185 891 2260; baseline -0.003 -19"><span class='ocrx_word' id='word_1_108' title='bbox 223 2189 384 2260; x_wconf 66' lang='lat' dir='ltr'><strong>pressasque</strong></span> <span class='ocrx_word' id='word_1_109' title='bbox 395 2186 504 2240; x_wconf 85' lang='lat' dir='ltr'><strong>tandem</strong></span> <span class='ocrx_word' id='word_1_110' title='bbox 515 2187 599 2241; x_wconf 80' lang='lat' dir='ltr'><strong>solvat</strong></span> <span class='ocrx_word' id='word_1_111' title='bbox 610 2185 769 2259; x_wconf 75' lang='lat' dir='ltr'><strong>Ophiuchus</strong></span> <span class='ocrx_word' id='word_1_112' title='bbox 782 2203 891 2253; x_wconf 82' lang='lat' dir='ltr'><strong>manus,</strong></span> 
     </span>
     <span class='ocr_line' id='line_1_18' title="bbox 223 2273 825 2348; baseline -0.003 -20"><span class='ocrx_word' id='word_1_113' title='bbox 223 2277 360 2348; x_wconf 78' lang='lat' dir='ltr'><strong>virusque</strong></span> <span class='ocrx_word' id='word_1_114' title='bbox 374 2273 479 2328; x_wconf 76' lang='lat' dir='ltr'><strong>fundat.</strong></span> <span class='ocrx_word' id='word_1_115' title='bbox 495 2273 571 2329; x_wconf 80' lang='lat' dir='ltr'><strong>Adsit</strong></span> <span class='ocrx_word' id='word_1_116' title='bbox 585 2273 621 2326; x_wconf 88' lang='lat' dir='ltr'><strong>ad</strong></span> <span class='ocrx_word' id='word_1_117' title='bbox 639 2286 735 2326; x_wconf 86' lang='lat' dir='ltr'><strong>cantus</strong></span> <span class='ocrx_word' id='word_1_118' title='bbox 752 2291 825 2326; x_wconf 84' lang='lat' dir='ltr'><strong>meos</strong></span> 
     </span>
     <span class='ocr_line' id='line_1_19' title="bbox 223 2360 843 2434; baseline -0.01 -16"><span class='ocrx_word' id='word_1_119' title='bbox 223 2365 363 2418; x_wconf 67' lang='lat' dir='ltr'><strong>housere</strong></span> <span class='ocrx_word' id='word_1_120' title='bbox 379 2380 459 2414; x_wconf 84' lang='lat' dir='ltr'><strong>ausus</strong></span> <span class='ocrx_word' id='word_1_121' title='bbox 472 2361 577 2434; x_wconf 75' lang='lat' dir='ltr'><strong>gemina</strong></span> <span class='ocrx_word' id='word_1_122' title='bbox 590 2360 695 2434; x_wconf 85' lang='lat' dir='ltr'>Python</span> <span class='ocrx_word' id='word_1_123' title='bbox 713 2361 823 2414; x_wconf 87' lang='lat' dir='ltr'><strong>numina</strong></span> <span class='ocrx_word' id='word_1_124' title='bbox 834 2379 843 2428; x_wconf 84' lang='lat'>;</span> 
     </span>
     <span class='ocr_line' id='line_1_20' title="bbox 222 2447 868 2523; baseline -0.006 -20"><span class='ocrx_word' id='word_1_125' title='bbox 222 2451 258 2504; x_wconf 88' lang='lat' dir='ltr'><strong>Et</strong></span> <span class='ocrx_word' id='word_1_126' title='bbox 271 2449 376 2523; x_wconf 79' lang='lat' dir='ltr'><strong>hydra,</strong></span> <span class='ocrx_word' id='word_1_127' title='bbox 394 2459 421 2502; x_wconf 87' lang='lat' dir='ltr'><strong>et</strong></span> <span class='ocrx_word' id='word_1_128' title='bbox 433 2450 520 2502; x_wconf 88' lang='lat' dir='ltr'><strong>omnis</strong></span> <span class='ocrx_word' id='word_1_129' title='bbox 532 2447 624 2502; x_wconf 86' lang='lat' dir='ltr'><strong>redeat</strong></span> <span class='ocrx_word' id='word_1_130' title='bbox 636 2447 767 2501; x_wconf 83' lang='lat' dir='ltr'><strong>Herculea</strong></span> <span class='ocrx_word' id='word_1_131' title='bbox 786 2465 868 2500; x_wconf 88' lang='lat' dir='ltr'><strong>mauu</strong></span> 
     </span>
    </p>
   </div>
   <div class='ocr_carea' id='block_1_3' title="bbox 222 2535 806 2610">
    <p class='ocr_par' dir='ltr' id='par_1_4' title="bbox 222 2535 806 2610">
     <span class='ocr_line' id='line_1_21' title="bbox 222 2535 806 2610; baseline -0.01 -17"><span class='ocrx_word' id='word_1_132' title='bbox 222 2539 330 2593; x_wconf 80' lang='lat' dir='ltr'><strong>Succisa</strong></span> <span class='ocrx_word' id='word_1_133' title='bbox 342 2555 467 2610; x_wconf 61' lang='lat' dir='ltr'><strong>arpent,</strong></span> <span class='ocrx_word' id='word_1_134' title='bbox 488 2535 559 2592; x_wconf 69' lang='lat' dir='ltr'><strong>cede</strong></span> <span class='ocrx_word' id='word_1_135' title='bbox 569 2555 598 2592; x_wconf 82' lang='lat' dir='ltr'><strong>re</strong></span> <span class='ocrx_word' id='word_1_136' title='bbox 611 2555 737 2609; x_wconf 86' lang='lat' dir='ltr'><strong>reparans</strong></span> <span class='ocrx_word' id='word_1_137' title='bbox 748 2553 806 2588; x_wconf 86' lang='lat' dir='ltr'><strong>sua.</strong></span> 
     </span>
    </p>
   </div>
   <div class='ocr_carea' id='block_1_4' title="bbox 93 2671 1247 3207">
    <p class='ocr_par' dir='ltr' id='par_1_5' title="bbox 93 2671 1247 3207">
     <span class='ocr_line' id='line_1_22' title="bbox 128 2671 1247 2786; baseline 0 -24"><span class='ocrx_word' id='word_1_138' title='bbox 128 2701 163 2762; x_wconf 91' lang='lat' dir='ltr'><strong>ln</strong></span> <span class='ocrx_word' id='word_1_139' title='bbox 189 2697 303 2764; x_wconf 75' lang='lat' dir='ltr'><strong>erdem</strong></span> <span class='ocrx_word' id='word_1_140' title='bbox 327 2696 498 2786; x_wconf 77' lang='lat' dir='ltr'><strong>tragoedia,</strong></span> <span class='ocrx_word' id='word_1_141' title='bbox 526 2695 642 2760; x_wconf 86' lang='lat' dir='ltr'><strong>Medea</strong></span> <span class='ocrx_word' id='word_1_142' title='bbox 670 2694 828 2760; x_wconf 86' lang='lat' dir='ltr'><strong>scelerum</strong></span> <span class='ocrx_word' id='word_1_143' title='bbox 852 2717 938 2783; x_wconf 67' lang='lat' dir='ltr'><strong>saepe</strong></span> <span class='ocrx_word' id='word_1_144' title='bbox 960 2699 1149 2772; x_wconf 75' lang='lat' dir='ltr'><strong>memoriam</strong></span> <span class='ocrx_word' id='word_1_145' title='bbox 1243 2671 1247 2680; x_wconf 18' lang='grc' dir='ltr'><strong>Δ</strong></span> 
     </span>
     <span class='ocr_line' id='line_1_23' title="bbox 93 2801 1150 2888; baseline 0.004 -20"><span class='ocrx_word' id='word_1_146' title='bbox 93 2803 184 2868; x_wconf 84' lang='lat' dir='ltr'><strong>libens</strong></span> <span class='ocrx_word' id='word_1_147' title='bbox 210 2819 382 2885; x_wconf 77' lang='lat' dir='ltr'><strong>retractat,</strong></span> <span class='ocrx_word' id='word_1_148' title='bbox 410 2825 499 2866; x_wconf 90' lang='lat' dir='ltr'><strong>nuuc</strong></span> <span class='ocrx_word' id='word_1_149' title='bbox 525 2801 756 2882; x_wconf 81' lang='lat' dir='ltr'><strong>excusationis,</strong></span> <span class='ocrx_word' id='word_1_150' title='bbox 784 2823 874 2866; x_wconf 88' lang='lat' dir='ltr'><strong>nunc</strong></span> <span class='ocrx_word' id='word_1_151' title='bbox 903 2802 1150 2888; x_wconf 84' lang='lat' dir='ltr'><strong>venditationis,</strong></span> 
     </span>
     <span class='ocr_line' id='line_1_24' title="bbox 94 2903 1152 2998; baseline 0.002 -26"><span class='ocrx_word' id='word_1_152' title='bbox 94 2927 217 2974; x_wconf 88' lang='lat' dir='ltr'><strong>nuncet</strong></span> <span class='ocrx_word' id='word_1_153' title='bbox 232 2907 276 2974; x_wconf 90' lang='lat' dir='ltr'><strong>ad</strong></span> <span class='ocrx_word' id='word_1_154' title='bbox 291 2931 377 2972; x_wconf 88' lang='lat' dir='ltr'><strong>nova</strong></span> <span class='ocrx_word' id='word_1_155' title='bbox 393 2908 512 2974; x_wconf 84' lang='lat' dir='ltr'><strong>scelera</strong></span> <span class='ocrx_word' id='word_1_156' title='bbox 528 2903 755 2972; x_wconf 81' lang='lat' dir='ltr'><strong>exstimulandi</strong></span> <span class='ocrx_word' id='word_1_157' title='bbox 769 2906 868 2972; x_wconf 88' lang='lat' dir='ltr'><strong>animi</strong></span> <span class='ocrx_word' id='word_1_158' title='bbox 884 2930 990 2975; x_wconf 71' lang='lat' dir='ltr'><strong>musa.</strong></span> <span class='ocrx_word' id='word_1_159' title='bbox 1007 2911 1060 2974; x_wconf 93' lang='lat' dir='ltr'><strong>Sic</strong></span> <span class='ocrx_word' id='word_1_160' title='bbox 1072 2934 1152 2998; x_wconf 89' lang='lat' dir='ltr'><strong>quo-</strong></span> 
     </span>
     <span class='ocr_line' id='line_1_25' title="bbox 93 3011 1150 3102; baseline -0.001 -22"><span class='ocrx_word' id='word_1_161' title='bbox 93 3017 193 3101; x_wconf 83' lang='lat' dir='ltr'><strong>quein</strong></span> <span class='ocrx_word' id='word_1_162' title='bbox 209 3013 396 3081; x_wconf 75' lang='lat' dir='ltr'><strong>Troadibus</strong></span> <span class='ocrx_word' id='word_1_163' title='bbox 412 3028 533 3077; x_wconf 84' lang='lat' dir='ltr'><strong>temere</strong></span> <span class='ocrx_word' id='word_1_164' title='bbox 551 3025 777 3102; x_wconf 80' lang='lat' dir='ltr'><strong>congeruntur</strong></span> <span class='ocrx_word' id='word_1_165' title='bbox 792 3011 1052 3100; x_wconf 76' lang='lat' dir='ltr'><strong>descriptiones,¹</strong></span> <span class='ocrx_word' id='word_1_166' title='bbox 1062 3039 1150 3083; x_wconf 77' lang='lat' dir='ltr'><strong>rause</strong></span> 
     </span>
     <span class='ocr_line' id='line_1_26' title="bbox 93 3115 1150 3207; baseline 0.001 -25"><span class='ocrx_word' id='word_1_167' title='bbox 93 3119 214 3205; x_wconf 80' lang='lat' dir='ltr'><strong>quidem</strong></span> <span class='ocrx_word' id='word_1_168' title='bbox 231 3134 266 3184; x_wconf 90' lang='lat' dir='ltr'><strong>et</strong></span> <span class='ocrx_word' id='word_1_169' title='bbox 282 3117 409 3207; x_wconf 85' lang='lat' dir='ltr'><strong>prolixa</strong></span> <span class='ocrx_word' id='word_1_170' title='bbox 419 3139 531 3183; x_wconf 86' lang='lat' dir='ltr'><strong>rerum</strong></span> <span class='ocrx_word' id='word_1_171' title='bbox 547 3115 753 3188; x_wconf 78' lang='lat' dir='ltr'><strong>enarratione</strong></span> <span class='ocrx_word' id='word_1_172' title='bbox 766 3117 949 3185; x_wconf 79' lang='lat' dir='ltr'><strong>laborantes</strong></span> <span class='ocrx_word' id='word_1_173' title='bbox 962 3116 1029 3205; x_wconf 85' lang='lat' dir='ltr'><strong>(r);</strong></span> <span class='ocrx_word' id='word_1_174' title='bbox 1046 3121 1150 3207; x_wconf 80' lang='lat' dir='ltr'><strong>qualis</strong></span> 
     </span>
    </p>
   </div>
   <div class='ocr_carea' id='block_1_5' title="bbox 91 3369 1150 3709">
    <p class='ocr_par' dir='ltr' id='par_1_6' title="bbox 91 3369 1150 3709">
     <span class='ocr_line' id='line_1_27' title="bbox 120 3369 1150 3447; baseline 0 -17"><span class='ocrx_word' id='word_1_175' title='bbox 120 3377 204 3444; x_wconf 77' lang='lat' dir='ltr'><strong>{1)Ut</strong></span> <span class='ocrx_word' id='word_1_176' title='bbox 216 3375 267 3429; x_wconf 78' lang='lat' dir='ltr'><strong>sihi</strong></span> <span class='ocrx_word' id='word_1_177' title='bbox 278 3373 323 3428; x_wconf 88' lang='lat' dir='ltr'><strong>det</strong></span> <span class='ocrx_word' id='word_1_178' title='bbox 331 3373 389 3446; x_wconf 85' lang='lat' dir='ltr'><strong>ipse</strong></span> <span class='ocrx_word' id='word_1_179' title='bbox 398 3373 488 3426; x_wconf 87' lang='lat' dir='ltr'><strong>locum</strong></span> <span class='ocrx_word' id='word_1_180' title='bbox 500 3371 689 3445; x_wconf 80' lang='lat' dir='ltr'><strong>descriptiones</strong></span> <span class='ocrx_word' id='word_1_181' title='bbox 698 3369 817 3430; x_wconf 83' lang='lat' dir='ltr'><strong>serendi,</strong></span> <span class='ocrx_word' id='word_1_182' title='bbox 829 3372 927 3426; x_wconf 69' lang='lat' dir='ltr'><strong>&amp;neca</strong></span> <span class='ocrx_word' id='word_1_183' title='bbox 941 3373 1031 3446; x_wconf 84' lang='lat' dir='ltr'><strong>inepta</strong></span> <span class='ocrx_word' id='word_1_184' title='bbox 1042 3393 1150 3447; x_wconf 86' lang='lat' dir='ltr'><strong>prorsus</strong></span> 
     </span>
     <span class='ocr_line' id='line_1_28' title="bbox 91 3460 1150 3535; baseline 0.001 -16"><span class='ocrx_word' id='word_1_185' title='bbox 91 3479 114 3518; x_wconf 83' lang='lat' dir='ltr'><strong>et</strong></span> <span class='ocrx_word' id='word_1_186' title='bbox 127 3463 237 3518; x_wconf 81' lang='lat' dir='ltr'><strong>absurda</strong></span> <span class='ocrx_word' id='word_1_187' title='bbox 255 3462 374 3535; x_wconf 88' lang='lat' dir='ltr'><strong>personis</strong></span> <span class='ocrx_word' id='word_1_188' title='bbox 397 3463 452 3515; x_wconf 86' lang='lat' dir='ltr'><strong>suis</strong></span> <span class='ocrx_word' id='word_1_189' title='bbox 472 3461 597 3515; x_wconf 84' lang='lat' dir='ltr'><strong>attribuit.</strong></span> <span class='ocrx_word' id='word_1_190' title='bbox 616 3460 760 3534; x_wconf 83' lang='lat' dir='ltr'><strong>Postquam</strong></span> <span class='ocrx_word' id='word_1_191' title='bbox 780 3461 905 3532; x_wconf 78' lang='lat' dir='ltr'><strong>Megara,</strong></span> <span class='ocrx_word' id='word_1_192' title='bbox 926 3463 952 3514; x_wconf 91' lang='lat' dir='ltr'><strong>in</strong></span> <span class='ocrx_word' id='word_1_193' title='bbox 972 3464 1087 3519; x_wconf 85' lang='lat' dir='ltr'><strong>Hercule</strong></span> <span class='ocrx_word' id='word_1_194' title='bbox 1110 3469 1150 3521; x_wconf 84' lang='lat' dir='ltr'><strong>fu-</strong></span> 
     </span>
     <span class='ocr_line' id='line_1_29' title="bbox 91 3549 1149 3628; baseline 0.002 -22"><span class='ocrx_word' id='word_1_195' title='bbox 91 3565 169 3616; x_wconf 84' lang='lat' dir='ltr'><strong>rente,</strong></span> <span class='ocrx_word' id='word_1_196' title='bbox 186 3552 293 3624; x_wconf 74' lang='lat' dir='ltr'><strong>egregia</strong></span> <span class='ocrx_word' id='word_1_197' title='bbox 303 3550 425 3623; x_wconf 81' lang='lat' dir='ltr'><strong>conjugis</strong></span> <span class='ocrx_word' id='word_1_198' title='bbox 438 3549 556 3602; x_wconf 78' lang='lat' dir='ltr'><strong>facinora</strong></span> <span class='ocrx_word' id='word_1_199' title='bbox 569 3549 699 3611; x_wconf 79' lang='lat' dir='ltr'><strong>narravit,</strong></span> <span class='ocrx_word' id='word_1_200' title='bbox 714 3549 880 3621; x_wconf 66' lang='lat' dir='ltr'><strong>speravitque</strong></span> <span class='ocrx_word' id='word_1_201' title='bbox 898 3550 975 3603; x_wconf 89' lang='lat' dir='ltr'><strong>illum</strong></span> <span class='ocrx_word' id='word_1_202' title='bbox 989 3552 1022 3606; x_wconf 87' lang='lat' dir='ltr'><strong>ad</strong></span> <span class='ocrx_word' id='word_1_203' title='bbox 1038 3574 1149 3628; x_wconf 79' lang='lat' dir='ltr'><strong>superos</strong></span> 
     </span>
     <span class='ocr_line' id='line_1_30' title="bbox 93 3637 1148 3709; baseline 0.003 -17"><span class='ocrx_word' id='word_1_204' title='bbox 93 3661 119 3692; x_wconf 79' lang='lat' dir='ltr'><strong>ex</strong></span> <span class='ocrx_word' id='word_1_205' title='bbox 135 3641 222 3693; x_wconf 74' lang='lat' dir='ltr'><strong>interis</strong></span> <span class='ocrx_word' id='word_1_206' title='bbox 242 3639 292 3692; x_wconf 86' lang='lat' dir='ltr'><strong>sihi</strong></span> <span class='ocrx_word' id='word_1_207' title='bbox 309 3639 381 3692; x_wconf 82' lang='lat' dir='ltr'><strong>riam</strong></span> <span class='ocrx_word' id='word_1_208' title='bbox 403 3638 548 3699; x_wconf 76' lang='lat' dir='ltr'><strong>iacturum,</strong></span> <span class='ocrx_word' id='word_1_209' title='bbox 570 3657 673 3692; x_wconf 81' lang='lat' dir='ltr'><strong>mernor</strong></span> <span class='ocrx_word' id='word_1_210' title='bbox 694 3637 797 3691; x_wconf 86' lang='lat' dir='ltr'><strong>itineris</strong></span> <span class='ocrx_word' id='word_1_211' title='bbox 819 3637 924 3691; x_wconf 89' lang='lat' dir='ltr'><strong>flumini</strong></span> <span class='ocrx_word' id='word_1_212' title='bbox 941 3639 1043 3709; x_wconf 88' lang='lat' dir='ltr'><strong>Peneo,</strong></span> <span class='ocrx_word' id='word_1_213' title='bbox 1062 3645 1148 3698; x_wconf 81' lang='lat' dir='ltr'><strong>scissis</strong></span> 
     </span>
    </p>
   </div>
   <div class='ocr_carea' id='block_1_6' title="bbox 91 3725 1148 3886">
    <p class='ocr_par' dir='ltr' id='par_1_7' title="bbox 91 3725 1148 3886">
     <span class='ocr_line' id='line_1_31' title="bbox 91 3725 1148 3800; baseline 0.005 -19"><span class='ocrx_word' id='word_1_214' title='bbox 91 3729 226 3792; x_wconf 84' lang='lat' dir='ltr'><strong>montibus,</strong></span> <span class='ocrx_word' id='word_1_215' title='bbox 242 3728 347 3799; x_wconf 87' lang='lat' dir='ltr'><strong>abipso</strong></span> <span class='ocrx_word' id='word_1_216' title='bbox 361 3725 432 3791; x_wconf 88' lang='lat' dir='ltr'><strong>dati,</strong></span> <span class='ocrx_word' id='word_1_217' title='bbox 448 3745 502 3779; x_wconf 90' lang='lat' dir='ltr'><strong>non</strong></span> <span class='ocrx_word' id='word_1_218' title='bbox 515 3726 603 3778; x_wconf 82' lang='lat' dir='ltr'><strong>solunt</strong></span> <span class='ocrx_word' id='word_1_219' title='bbox 615 3745 680 3799; x_wconf 86' lang='lat' dir='ltr'><strong>quas</strong></span> <span class='ocrx_word' id='word_1_220' title='bbox 693 3725 773 3779; x_wconf 78' lang='lat' dir='ltr'><strong>affert</strong></span> <span class='ocrx_word' id='word_1_221' title='bbox 782 3725 940 3800; x_wconf 78' lang='lat' dir='ltr'><strong>Amphitryo</strong></span> <span class='ocrx_word' id='word_1_222' title='bbox 956 3731 1148 3786; x_wconf 81' lang='lat' dir='ltr'><strong>consolationes</strong></span> 
     </span>
     <span class='ocr_line' id='line_1_32' title="bbox 91 3813 565 3886; baseline -0.002 -18"><span class='ocrx_word' id='word_1_223' title='bbox 91 3815 167 3883; x_wconf 83' lang='lat' dir='ltr'><strong>rejicit</strong></span> <span class='ocrx_word' id='word_1_224' title='bbox 178 3815 330 3879; x_wconf 79' lang='lat' dir='ltr'><strong>incredula,</strong></span> <span class='ocrx_word' id='word_1_225' title='bbox 344 3813 389 3868; x_wconf 82' lang='lat' dir='ltr'><strong>ssd</strong></span> <span class='ocrx_word' id='word_1_226' title='bbox 403 3813 460 3886; x_wconf 82' lang='lat' dir='ltr'><strong>ipsa</strong></span> <span class='ocrx_word' id='word_1_227' title='bbox 473 3813 565 3867; x_wconf 85' lang='lat' dir='ltr'><strong>addit:</strong></span> 
     </span>
    </p>
   </div>
   <div class='ocr_carea' id='block_1_7' title="bbox 265 3937 890 4084">
    <p class='ocr_par' dir='ltr' id='par_1_8' title="bbox 265 3937 890 4084">
     <span class='ocr_line' id='line_1_33' title="bbox 266 3937 763 4000; baseline -0.008 -12"><span class='ocrx_word' id='word_1_228' title='bbox 266 3943 393 3988; x_wconf 83' lang='lat' dir='ltr'><strong>Demersus</strong></span> <span class='ocrx_word' id='word_1_229' title='bbox 401 3953 429 3987; x_wconf 83' lang='lat' dir='ltr'><strong>ac</strong></span> <span class='ocrx_word' id='word_1_230' title='bbox 440 3937 561 3994; x_wconf 74' lang='lat' dir='ltr'><strong>defossus,</strong></span> <span class='ocrx_word' id='word_1_231' title='bbox 571 3947 595 3984; x_wconf 87' lang='lat' dir='ltr'><strong>st</strong></span> <span class='ocrx_word' id='word_1_232' title='bbox 605 3947 656 3986; x_wconf 83' lang='lat' dir='ltr'><strong>toto</strong></span> <span class='ocrx_word' id='word_1_233' title='bbox 666 3937 763 4000; x_wconf 82' lang='lat' dir='ltr'><strong>iusuper</strong></span> 
     </span>
     <span class='ocr_line' id='line_1_34' title="bbox 265 4017 890 4084; baseline -0.003 -18"><span class='ocrx_word' id='word_1_234' title='bbox 265 4021 401 4084; x_wconf 75' lang='lat' dir='ltr'><strong>Oppressus</strong></span> <span class='ocrx_word' id='word_1_235' title='bbox 412 4019 485 4072; x_wconf 87' lang='lat' dir='ltr'><strong>orbe,</strong></span> <span class='ocrx_word' id='word_1_236' title='bbox 501 4033 572 4080; x_wconf 83' lang='lat' dir='ltr'><strong>quam</strong></span> <span class='ocrx_word' id='word_1_237' title='bbox 583 4020 643 4064; x_wconf 84' lang='lat' dir='ltr'><strong>viam</strong></span> <span class='ocrx_word' id='word_1_238' title='bbox 653 4017 683 4063; x_wconf 89' lang='lat' dir='ltr'><strong>ad</strong></span> <span class='ocrx_word' id='word_1_239' title='bbox 696 4032 793 4080; x_wconf 86' lang='lat' dir='ltr'><strong>superos</strong></span> <span class='ocrx_word' id='word_1_240' title='bbox 802 4017 890 4066; x_wconf 81' lang='lat' dir='ltr'><strong>habet?</strong></span> 
     </span>
    </p>
   </div>
   <div class='ocr_carea' id='block_1_8' title="bbox 92 4135 1150 4217">
    <p class='ocr_par' dir='ltr' id='par_1_9' title="bbox 92 4135 1150 4217">
     <span class='ocr_line' id='line_1_35' title="bbox 92 4135 1150 4217; baseline 0.008 -29"><span class='ocrx_word' id='word_1_241' title='bbox 92 4135 224 4210; x_wconf 76' lang='lat' dir='ltr'><strong>Postquain</strong></span> <span class='ocrx_word' id='word_1_242' title='bbox 237 4137 368 4194; x_wconf 82' lang='lat' dir='ltr'><strong>Hercules</strong></span> <span class='ocrx_word' id='word_1_243' title='bbox 392 4135 428 4190; x_wconf 81' lang='lat' dir='ltr'><strong>ad</strong></span> <span class='ocrx_word' id='word_1_244' title='bbox 452 4137 538 4190; x_wconf 87' lang='lat' dir='ltr'><strong>lucem</strong></span> <span class='ocrx_word' id='word_1_245' title='bbox 558 4155 589 4190; x_wconf 84' lang='lat' dir='ltr'><strong>ex</strong></span> <span class='ocrx_word' id='word_1_246' title='bbox 609 4135 700 4188; x_wconf 78' lang='lat' dir='ltr'><strong>inseris</strong></span> <span class='ocrx_word' id='word_1_247' title='bbox 718 4135 841 4199; x_wconf 80' lang='lat' dir='ltr'><strong>emersit,</strong></span> <span class='ocrx_word' id='word_1_248' title='bbox 858 4139 912 4210; x_wconf 76' lang='lat' dir='ltr'><strong>jam</strong></span> <span class='ocrx_word' id='word_1_249' title='bbox 928 4156 1019 4209; x_wconf 73' lang='lat' dir='ltr'><strong>ponat</strong></span> <span class='ocrx_word' id='word_1_250' title='bbox 1040 4161 1056 4195; x_wconf 86' lang='lat' dir='ltr'><strong>a</strong></span> <span class='ocrx_word' id='word_1_251' title='bbox 1076 4144 1150 4217; x_wconf 76' lang='lat' dir='ltr'><strong>Lyco</strong></span> 
     </span>
    </p>
   </div>
   <div class='ocr_carea' id='block_1_9' title="bbox 947 4231 1002 4317">
    <p class='ocr_par' dir='ltr' id='par_1_10' title="bbox 947 4231 1002 4317">
     <span class='ocr_line' id='line_1_36' title="bbox 947 4231 1002 4317; baseline 0 -45"><span class='ocrx_word' id='word_1_252' title='bbox 947 4231 1002 4317; x_wconf 76' lang='lat' dir='ltr'><strong>f,</strong></span> 
     </span>
    </p>
   </div>
   <div class='ocr_carea' id='block_1_10' title="bbox 0 0 1550 5142">
    <p class='ocr_par' dir='ltr' id='par_1_11' title="bbox 0 0 1550 5142">
     <span class='ocr_line' id='line_1_37' title="bbox 0 0 1550 5142; baseline 0 0"><span class='ocrx_word' id='word_1_253' title='bbox 0 0 1550 5142; x_wconf 95' lang='lat' dir='ltr'><strong> </strong></span> 
     </span>
    </p>
   </div>
  </div>
 </body>
</html>
