3240 5138
310 511 589 616 anncuuns
614 511 833 580 nunnus.
860 513 971 581 aer.
999 514 1049 580 11.

205 649 249 714 Et
268 646 465 714 fluctuantes
486 667 578 713 more
597 644 720 714 turbati
738 647 838 714 maris

206 751 299 820 Abiit
315 775 448 835 arenas,
468 751 583 844 bisque
603 749 774 821 discedens
793 751 934 837 fretum,

205 860 250 926 Et
269 857 320 925 bis
339 881 534 943 recurrens3
552 881 720 951 quumque
739 856 868 926 deserta
889 871 960 926 rate

204 965 396 1056 Deprensus
416 962 509 1032 haesit
527 963 672 1054 Syrtium
694 963 851 1032 brevibus
868 962 981 1049 vadis,

206 1071 250 1137 Et
266 1092 378 1163 puppe
396 1067 461 1136 fixa
479 1068 583 1135 maria
601 1070 769 1160 superavit
786 1070 895 1164 pedes.

207 1197 295 1244 arno.
318 1174 436 1266 Iniqua
458 1197 533 1241 raro
552 1175 701 1241 maximis
719 1175 895 1244 virtutibus

206 1282 352 1348 Fortuna
370 1281 477 1374 parcit
496 1303 504 1345 ε
524 1303 623 1347 uerno
645 1303 678 1347 se
698 1293 770 1348 tuto
788 1280 846 1348 diu

205 1383 362 1454 Periculis
380 1383 502 1454 offerre
522 1397 590 1453 tam
611 1383 734 1453 crebris
752 1400 869 1478 potest.

205 1491 316 1580 Quem
338 1514 423 1586 saepe
444 1491 561 1559 transit
580 1515 694 1577 casus,
712 1489 887 1584 aliquando
908 1494 1042 1560 invenit.

205 1595 270 1666 Sed
288 1621 365 1666 ecce
385 1620 508 1681 saevus,
529 1621 567 1665 ac
587 1597 692 1664 minas
713 1596 807 1665 vultu
825 1623 958 1692 gerens,

147 1723 152 1732 ·
205 1704 248 1771 Et
267 1700 370 1795 qualis
388 1703 499 1771 animo
516 1717 582 1786 est,
599 1701 672 1772 talis
693 1703 822 1772 incessu
845 1704 952 1790 venit,

205 1806 322 1876 Aliena
340 1808 455 1878 dextra
475 1821 604 1902 sceptra
623 1810 814 1877 concutiens
834 1811 951 1902 Lycus.

269 1993 454 2081 LYCUS,
482 1994 722 2080 MEGARA,
748 1996 1104 2065 AMPHITRYON.

207 2204 284 2252 arc.
305 2181 407 2250 Urbis
426 2205 542 2275 regens
560 2176 717 2274 opulenta
736 2157 901 2258 Thebans
922 2180 1010 2269 loca,

157 2349 220 2418 tite)
230 2350 259 2402 in
270 2368 340 2404 caeca
346 2363 373 2403 et
378 2349 447 2404 rada
456 2389 464 2414 ,
473 2349 569 2422 quibus
578 2349 663 2402 ubam
708 2365 739 2402 ea
749 2349 857 2414 relicta,
868 2350 979 2422 pedibus
989 2352 1170 2422 superavit—
1178 2356 1218 2406 De

157 2427 666 2502 dant,compellunt:modoenimare·
707 2427 759 2480 boc
780 2441 938 2500 portentoso
956 2431 1075 2484 Herculis
1102 2432 1218 2484 facinore

157 2527 218 2561 nosa
233 2522 297 2562 sunt
312 2507 388 2575 loca,
401 2507 481 2562 modo
494 2507 665 2580 profundissi·
708 2508 808 2562 nullum
820 2527 901 2580 prope
909 2510 989 2574 alium
1000 2511 1116 2562 locutum
1126 2511 1219 2574 miror,
1264 2559 1266 2564 .

158 2606 198 2640 nia
206 2625 214 2651 ,
222 2599 248 2640 et
259 2588 414 2660 impetuosis
426 2589 548 2643 fluetibus
558 2607 666 2662 cooper-
707 2585 758 2640 nisi
768 2607 800 2642 eo
811 2587 1009 2654 reserendasint
1023 2608 1080 2661 quae
1092 2589 1125 2642 de
1137 2609 1222 2643 aureo

157 2677 191 2718 ta.
203 2691 214 2712 ι
232 2665 299 2720 Vid.
316 2680 341 2720 et
354 2669 460 2723 Sallust.
475 2670 599 2742 Jugurtb.
618 2670 663 2740 78.
706 2667 803 2736 poorrlo
823 2667 1019 2738 prodiderunt,
1040 2669 1074 2722 ab
1097 2669 1218 2739 Apolline

157 2746 249 2818 Pomp.
259 2747 324 2800 Mel.
336 2749 361 2812 1,
373 2765 401 2818 7.
412 2750 514 2802 Lucan.
528 2749 584 2813 IX,
598 2745 662 2802 303:
708 2744 815 2798 Herculi
823 2746 907 2814 dato,
921 2759 946 2799 et
967 2747 995 2798 in
1012 2765 1066 2817 quo
1080 2748 1217 2801 Oceanum

158 2825 291 2898 -Syrtes,
312 2827 355 2880 vel
371 2827 485 2899 primaru
503 2826 603 2880 mundo
621 2847 665 2880 na·
708 2823 751 2878 ille
759 2825 950 2892 tranavitvid.
960 2826 1082 2897 Apollod.
1093 2827 1219 2880 Bibliotb.

158 2916 211 2958 tura
222 2905 337 2977 figuram
346 2906 437 2971 Quum
446 2906 535 2974 daret,
545 2909 573 2959 in
584 2907 667 2960 dubio
709 2905 752 2970 Π,
768 2909 794 2962 5.
804 2907 924 2960 Macrob.
940 2909 976 2970 V,
988 2927 1030 2960 rr.

157 2985 238 3056 pelagi
246 2997 375 3056 terraique
385 2986 572 3058 reliquit.Nam
580 3005 668 3058 neque
745 2987 805 3039 328.
823 2991 900 3052 Quem
914 3006 993 3054 soepe,
1008 2999 1057 3040 etc.
1076 2988 1219 3060 Postquam

159 3065 276 3118 subsedit
294 3066 417 3137 penitus,
437 3084 491 3136 quo
505 3078 593 3136 stagna
607 3085 667 3138 pro·
708 3063 781 3118 baud
794 3066 972 3119 semelcasum
981 3065 1117 3136 effugeris,
1132 3067 1219 3120 veniet

158 3143 231 3197 fundi
240 3145 397 3217 Acciperet,
407 3163 455 3198 nec
469 3163 496 3196 se
506 3144 624 3198 defendit
633 3146 667 3198 ab
708 3157 797 3196 tamen
807 3145 1051 3216 aliquando,quum
1060 3156 1085 3196 te
1095 3145 1219 3208 fortuna,

147 3242 260 3294 ’equore
276 3225 371 3290 tellus3
389 3225 516 3295 Ambigua
539 3223 586 3277 sed
606 3223 667 3276 sede
709 3241 787 3293 quant
812 3241 915 3296 semper
935 3223 1055 3286 lacessis,
1076 3225 1218 3293 opprimet.

158 3303 206 3355 loci
210 3307 283 3375 jacet
291 3304 361 3356 invia
368 3303 579 3374 sedes,AEquora
586 3303 666 3356 fracta
714 3307 808 3353 steterit
823 3316 848 3355 et
865 3307 953 3354 invenit
967 3303 1100 3374 aptissime
1115 3302 1149 3354 de
1162 3324 1222 3354 casn

158 3382 245 3450 vadis,
259 3384 426 3455 abmptaque
441 3396 508 3436 terra
518 3381 667 3455 profundo,
710 3381 795 3444 dicta,
815 3382 911 3453 quippe
922 3383 969 3453 qui
982 3401 1065 3436 caecus
1080 3382 1129 3444 sit,
1141 3395 1166 3434 et
1176 3403 1221 3436 ae·

158 3462 189 3514 Et
200 3475 261 3534 post
272 3466 356 3516 multa
366 3475 460 3516 sonant
470 3463 580 3536 projecti
592 3462 666 3514 litora
711 3463 808 3516 minem
827 3473 950 3532 sequatur
970 3462 1143 3534 consultoque
1163 3482 1221 3534 prc-
1315 3491 1316 3496 =

158 3541 262 3596 fluctus.
275 3569 289 3588 n
711 3553 780 3603 met,
792 3542 837 3594 sed
851 3561 942 3594 ornnes
959 3553 1056 3594 temere
1072 3554 1117 3593 aut
1132 3555 1224 3612 praete-

129 3647 134 3656 ·
193 3625 254 3676 32³.
266 3626 472 3675 Brevr'basnadr's.
484 3621 560 3690 Virg.
569 3622 628 3672 AEn.
638 3621 667 3681 1,
710 3632 818 3674 reataut
826 3619 954 3674 offendat.
965 3621 1055 3674 Senec.
1065 3635 1155 3691 quaest.
1166 3635 1220 3675 nat.

161 3707 207 3764 114
220 3720 227 3753 :
239 3729 252 3748 ι
262 3701 332 3754 Tres
342 3703 428 3755 Eume
436 3703 470 3754 ab
478 3701 531 3752 alto
540 3701 572 3750 In
580 3699 668 3751 brevia
712 3701 763 3764 VI,
777 3718 787 3751 1
801 3719 809 3752 2
825 3703 914 3752 Circuit
919 3703 1021 3768 futtern,
1032 3715 1057 3750 et
1069 3705 1091 3752 si
1104 3706 1165 3768 quid
1176 3706 1220 3752 diu

156 3793 182 3832 et
191 3781 284 3853 Syrtes
293 3795 383 3852 urget,
394 3781 541 3834 miserabile
550 3779 609 3832 visu
618 3819 626 3844 ,
635 3779 670 3830 ll·
707 3784 830 3848 praeterit,
839 3783 934 3846 reperit.

157 3859 268 3932 liditque
286 3859 364 3914 radis
381 3872 459 3931 atque
475 3877 571 3932 aggere
589 3858 671 3928 cingit
747 3858 898 3924 330.Qualis
909 3862 992 3910 animo
1002 3875 1045 3911 est.
1055 3858 1139 3912 Vultu
1149 3871 1174 3909 et
1184 3861 1221 3912 in·
1239 3917 1240 3924 ,

156 3959 276 3994 arena·
713 3957 787 3992 cessu
805 3938 884 3990 animi
902 3937 1054 4009 superbiam
1071 3938 1220 4010 praeferens.

191 4022 253 4082 314.
267 4027 353 4086 Puppe
357 4023 427 4090 fixa.
444 4019 512 4072 Navi
529 4018 615 4070 arenis
624 4017 671 4069 im·
714 4017 777 4071 Vid.
787 4015 859 4070 Med.
868 4017 1118 4088 446;Thyest.3lo;
1130 4019 1222 4088 rigam.

156 4096 522 4169 plicata.-Supcravitpedes.
531 4095 670 4162 Quoderat
718 4099 783 4158 118ς
798 4096 878 4150 Herc.
890 4097 954 4150 OEt.
967 4095 1015 4150 ²55
1028 4107 1053 4147 et
1063 4098 1126 4166 705.

157 4176 294 4232 intervalli
310 4195 327 4230 a
341 4178 441 4248 captiva
456 4179 516 4230 navi
537 4176 570 4230 ad
592 4177 669 4241 litus,
752 4177 812 4228 332.
828 4178 1000 4242 (Misageni,
1012 4175 1165 4228 ete.Sensns
1176 4185 1224 4226 eat:

1004 4272 1043 4354 34
