3240 5138
378 493 659 564 unncuens
684 493 904 564 nunnus.
933 495 1042 563 Aur.
1069 498 1119 563 11.
1219 495 1279 596 '45

270 629 431 722 Priusque
448 625 554 696 multo
573 625 699 694 vicibus
717 625 851 696 alternis
869 626 969 722 fugax

270 737 417 828 Euripus
435 733 523 802 unda
540 731 640 802 stabit
656 732 804 802 Euboica
825 734 927 826 piger.

270 842 403 909 Putrem
426 837 605 924 abstulisti,
625 861 744 932 regna,
766 837 1102 932 germanos·„larem‚

269 948 414 1014 Patriam
434 971 441 1012 :
460 944 539 1039 quid
554 942 641 1014 ultra
660 943 734 1014 est?
748 947 827 1014 Una
844 969 896 1014 res
916 957 1066 1038 superest
1084 947 1183 1033 mihi,
1240 976 1278 1014 m

270 1054 384 1120 Fratre
404 1073 443 1119 ac
462 1064 599 1144 parente
617 1051 740 1139 carior,
756 1075 860 1145 regno
880 1073 919 1120 ac
940 1048 1025 1138 lare,

269 1156 394 1225 Odium
414 1158 484 1226 tui:
503 1155 592 1250 quod
614 1180 685 1226 esse
706 1181 782 1227 cum
802 1155 927 1250 populo
946 1156 1027 1226 mihi

269 1262 460 1338 Commune¹
478 1261 574 1330 doleo
592 1288 602 1349 ;
625 1285 701 1356 pars
722 1275 823 1356 quota
845 1287 885 1331 er
906 1260 962 1331 illo
980 1277 1054 1331 mea
1072 1261 1143 1332 est?

268 1370 450 1437 Dominare
468 1367 631 1455 tumidus3
649 1369 781 1462 spiritus
803 1366 887 1438 altos
909 1392 986 1463 gere
1004 1395 1012 1435 :

267 1475 422 1569 Sequitur
444 1473 604 1568 superbos
621 1472 711 1543 ultor
731 1497 751 1541 a
772 1488 865 1569 tergo
887 1473 977 1543 deus.
1238 1504 1276 1544 us

211 1666 250 1720 ad
262 1670 414 1732 AEnvul,
433 1671 501 1734 328,
515 1669 636 1740 regnavit
650 1668 677 1720 in
691 1687 722 1722 ea
766 1667 870 1740 Lyciun
893 1680 1082 1740 persequatur,
1102 1688 1277 1744 magnamque

210 1761 289 1819 parte
307 1749 403 1811 ltaliae,
423 1767 480 1820 quae
498 1749 676 1802 Beneventum
696 1759 722 1799 et
765 1745 821 1800 odii-
841 1758 942 1817 partem
966 1743 1016 1799 sibi
1042 1747 1174 1811 subducat
1196 1762 1275 1804 tuntae

210 1827 289 1882 Cales
304 1829 383 1882 urbes
397 1828 512 1881 continet
529 1846 536 1879 :
552 1828 586 1880 ab
601 1829 659 1899 ejus
671 1844 721 1879 uo·
765 1824 942 1879 multitudinis
951 1826 1069 1880 societas.
1080 1829 1276 1883 Sententiastu-

210 1905 283 1960 mine
294 1906 351 1960 hnc
363 1908 478 1979 primum
490 1907 562 1979 regio
570 1944 578 1970 ,
591 1925 652 1958 mox
664 1924 721 1960 om·
765 1902 865 1957 diosiur
878 1903 1001 1958 accersita
1019 1924 1068 1960 nec
1082 1906 1177 1959 sinceri
1190 1908 1275 1980 splen·

210 1984 254 2038 nir
268 1987 466 2040 ItaliaAusorn'a
479 1985 550 2040 dicta
563 1999 613 2039 est.
764 1981 855 2048 doris,¹
875 2002 958 2055 quum
985 1984 1069 2036 animi
1095 1985 1225 2049 allectus,
1250 1988 1273 2040 ei

248 2066 309 2136 378.
325 2069 439 2134 Euripus.
457 2066 565 2119 Fretum
582 2065 651 2117 inter
666 2064 721 2116 Eu·
763 2061 831 2115 liunt
848 2061 938 2114 multis
954 2081 1125 2125 communes,
1140 2083 1195 2118 uon
1214 2065 1274 2118 ideo

211 2144 296 2196 bream
304 2157 330 2198 et
340 2145 465 2198 lloeotiaru
476 2145 551 2198 brevi
562 2145 646 2216 spatio
658 2162 720 2196 con·
762 2139 871 2212 singulis
877 2143 1273 2208 minuanturethehescant,uec

209 2235 338 2287 metum,
361 2225 436 2296 cujus
455 2235 525 2277 sture
542 2236 568 2276 et
585 2223 719 2295 quiescere
762 2219 854 2292 praedae
863 2233 962 2292 queant
969 2223 1115 2294 comparari
1121 2241 1207 2294 ,quae,
1219 2243 1272 2295 quo

209 2301 296 2356 undas
312 2304 381 2356 iuter
394 2301 508 2358 dduuairn
522 2301 644 2374 ponitur,
657 2321 719 2372 pro-
761 2301 851 2371 plures
867 2301 1028 2366 sortiuntur,
1042 2319 1073 2354 eo
1086 2303 1196 2375 paucior
1209 2304 1272 2354 uni-

210 2393 271 2453 pter
284 2381 415 2435 assiduam
426 2397 451 2434 et
460 2379 672 2434 violentissimam
678 2382 719 2453 J'a-
762 2379 857 2452 cuique
867 2380 1006 2452 contingit.

210 2462 371 2515 ctationem:
384 2461 477 2532 Pomp.
490 2461 554 2514 Mel.
563 2461 606 2526 11,
618 2477 634 2529 7
645 2477 652 2511 :
664 2465 720 2511 Ma»
797 2457 858 2513 385.
873 2463 942 2519 Ultor
953 2480 970 2510 a
983 2474 1059 2528 tergo.
1068 2460 1167 2512 Tibull.
1179 2461 1208 2526 1,
1223 2474 1272 2526 ro,

210 2559 238 2591 re
251 2543 380 2608 rapidum,
396 2555 421 2591 er
435 2545 530 2592 altemo
547 2559 618 2590 cursu
633 2541 719 2606 septies
761 2557 786 2592 v.
801 2538 833 2607 75
848 2553 856 2588 t
873 2563 884 2585 ι
893 2537 961 2591 Hinc
976 2536 1116 2593 Marathus
1135 2539 1270 2611 quondam

209 2623 250 2670 die
259 2640 291 2670 ac
302 2621 388 2688 septies
397 2635 480 2680 nocte,
486 2621 606 2690 fluctibus
620 2617 719 2669 invicem
761 2617 869 2670 miseros
887 2615 995 2670 ludebat
1008 2632 1144 2686 amantes,
1161 2620 1270 2674 Nesciue

209 2702 299 2760 versu,
310 2703 373 2750 adeo
382 2701 584 2770 immodicefluit,
597 2711 718 2748 utveutos
762 2696 877 2749 ultorem
885 2709 945 2770 post
954 2709 1033 2769 caput
1042 2718 1098 2752 esse
1108 2699 1200 2752 deum.
1209 2725 1220 2746 ι
1235 2732 1270 2740 -

209 2783 282 2830 etiam
297 2783 411 2846 acpleua
419 2781 498 2830 ventis
511 2779 718 2846 navigiafrusrre·
760 2781 833 2833 Deus.
848 2774 918 2829 Illud
936 2776 1120 2848 accipiendum
1134 2779 1270 2833 contendit

209 2857 715 2924 aa.1tv.xxvlll,6:n0nsepuesdt0‚
760 2855 850 2908 Delrio
864 2855 898 2909 de
915 2857 1019 2910 Nemesi
1037 2876 1083 2911 eeu
1095 2859 1270 2922 Rhamnusia,

208 2939 347 3006 sicutsama
347 2937 414 3005 serr,
426 2937 570 3004 temporibus
578 2937 650 2986 statis
658 2937 718 2985 reci·
760 2953 818 3006 quo
836 2937 964 3007 superbio
981 2949 1006 2988 et
1023 2937 1162 3010 impietatis
1180 2957 1271 3009 poenas

205 3032 313 3084 procat,
327 3020 373 3068 sed
384 3031 471 3067 temere
484 3018 509 3065 in
524 3018 622 3066 modum
634 3017 715 3074 verti,
759 3015 868 3087 proprio
877 3027 902 3066 et
912 3015 1042 3086 peculiari
1048 3035 1158 3068 munere
1168 3017 1270 3088 erigere

209 3113 272 3146 nuuc
282 3097 343 3159 duc,
356 3115 420 3146 nunc
429 3095 564 3145 illucverso
575 3095 651 3153 mari,
665 3096 718 3144 vel·
760 3092 915 3146 credebatur
924 3092 997 3164 (Vid.
1008 3093 1087 3147 Ovid.
1096 3095 1177 3148 Triet.
1185 3095 1222 3158 V,
1235 3101 1249 3147 8
1261 3133 1269 3160 ,

209 3188 319 3225 umente
320 3176 444 3241 proecr'piti
448 3175 570 3224 devolutus
579 3187 672 3223 correus
677 3191 717 3222 ra·
759 3192 786 3224 v.
798 3174 920 3242 9;Amu1.
930 3172 1048 3226 Marcell.
1058 3173 1133 3236 XIV,
1144 3177 1195 3242 ιι).
1205 3181 1270 3226 Deus

205 3253 716 3319 pirumitanccnocecnecdiequiesnaribus
758 3249 837 3323 igitur
846 3257 954 3324 proDea
963 3253 1078 3324 positum
1086 3253 1229 3307 arbitratur
1237 3274 1269 3307 ex

209 3333 290 3383 datur.
301 3331 377 3386 Adde
387 3331 453 3384 Plio.
465 3331 508 3394 ΙΙ,
518 3348 571 3402 97,
586 3342 612 3382 et
622 3330 714 3383 Senec.
759 3331 902 3384 stoicorum
910 3331 1167 3403 senteutic‚quideos
1175 3336 1270 3386 utrius-

208 3409 307 3464 Troad.
315 3414 378 3482 837,
389 3423 415 3464 et
426 3410 503 3463 Herc.
517 3409 578 3462 OEt.
589 3427 650 3479 779.
662 3414 716 3459 En·
759 3427 811 3481 que
823 3429 899 3464 sexui
911 3409 1027 3483 singulos
1037 3413 1173 3483 putabant.
1184 3413 1269 3468 Multa

208 3487 716 3560 n'puscommuninominequodlibetsre·
759 3488 865 3560 quidem
875 3489 990 3563 reperias
1001 3491 1119 3562 exempla
1130 3509 1189 3563 quae
1199 3492 1269 3546 illius

207 3579 263 3620 turn
280 3569 500 3640 nuncupabatur,
514 3568 541 3619 in
554 3587 607 3640 quo
621 3565 715 3620 fluctus
758 3569 912 3622 senteutiam
925 3571 1195 3643 confirmentvirgil.
1205 3574 1268 3626 AEn.

206 3647 309 3702 alternis
321 3649 494 3702 concursibus
506 3659 644 3700 uetuerent
652 3668 660 3713 ;
669 3645 715 3699 sed
758 3647 801 3710 Π,
813 3649 863 3702 63Ι
877 3667 883 3701 :
899 3653 1038 3710 Descende,
1052 3652 1195 3702 reducente
1207 3656 1267 3714 deo,

207 3727 279 3798 quod
298 3729 425 3781 Euboeam
446 3739 471 3780 et
487 3727 612 3779 Boeotium
632 3727 714 3779 iuter·
759 3739 811 3780 etc.
825 3725 878 3780 hoc
897 3739 936 3780 est
951 3734 1041 3781 Venere
1047 3752 1058 3790 ;
1072 3743 1097 3781 et
1110 3729 1178 3794 VII,
1196 3732 1267 3800 498:

203 3807 271 3876 jacet
280 3845 288 3869 ,
297 3807 395 3860 euteria
408 3805 600 3868 turbulentius,
614 3823 662 3876 per·
673 3809 715 3860 ἄν·
760 3810 812 3856 Nec
827 3809 921 3857 dextra·
937 3811 1032 3858 erranti
1043 3811 1101 3858 deus
1115 3813 1206 3877 abfuit,
1217 3809 1268 3863 boc

204 3889 352 3959 τονομασίαν
366 3885 474 3958 proprio
483 3885 595 3956 Euripus
608 3885 715 3937 nomine
759 3896 798 3938 est
808 3889 904 3936 Alecto.
919 3885 954 3950 Q.
965 3886 1073 3938 Catulus
1084 3887 1155 3960 opud
1167 3889 1223 3941 Cic.
1233 3887 1267 3942 de

205 3965 396 4036 appellabatur.
759 3974 847 4017 natur.
864 3963 938 4017 deor.
954 3965 984 4030 Ι,
1003 3968 1034 4020 28
1050 3983 1057 4017 :
1076 3971 1188 4020 Mortalis
1201 3972 1268 4022 visus

241 4045 299 4098 382.
310 4047 453 4111 Quodessc,
463 4056 513 4098 etc.
523 4043 714 4114 DoletMegara
757 4045 884 4111 pulchrior
897 4063 946 4096 esse
958 4047 1019 4106 dec,
1036 4045 1087 4097 hoc
1107 4059 1145 4099 cst
1158 4053 1266 4099 Aurora.

204 4122 276 4194 quod
290 4143 345 4176 non
362 4123 417 4178 solu
436 4124 555 4178 omnium
573 4122 714 4177 inimicitiis
758 4122 802 4175 Sic
816 4140 882 4193 caepe
893 4121 991 4176 Grecis
1004 4143 1058 4176 non
1069 4136 1168 4178 tantum
1180 4132 1191 4181 l
1202 4131 1264 4190 tite,
