3070 5158
421 511 865 584 SUPPLEMENTUM.
1106 517 1176 610 477

163 656 236 705 roc.
255 633 349 702 Nova
365 648 513 702 monstra
530 648 628 727 porto
644 660 652 701 :
668 634 775 727 patria
793 633 881 702 caede
896 634 1021 722 imbui,

164 744 343 838 Pudorque
361 743 518 830 thalami,
537 759 647 814 vetera
660 745 730 836 jam
745 744 842 812 nobis
865 743 961 814 mala.

161 855 258 924 Odiis
277 853 420 922 duorum
436 855 533 923 turba
549 854 624 948 plus
641 855 747 922 nimio
763 879 886 948 sequax

163 962 335 1034 Famulata
356 963 518 1050 fratrum,
535 965 666 1032 concita
687 964 721 1030 in
744 963 869 1032 ferrum
888 965 980 1035 ruit:

162 1073 320 1144 Conserta
338 1097 473 1167 campos
493 1098 672 1167 corporum
690 1074 774 1167 tegit
790 1086 916 1142 strues:

161 1183 279 1252 Trahit
295 1198 434 1252 cruenta
453 1170 593 1275 rapidus
605 1185 754 1251 Ismenos
774 1180 875 1269 vada,

99 1307 104 1316 '
161 1292 370 1386 Tumidoque
389 1293 498 1361 Graiae
520 1290 621 1362 volvit
638 1291 819 1386 implexum
839 1292 914 1361 sinu

161 1400 292 1470 Florem
308 1402 472 1494 juventae;
494 1401 670 1496 spoliaque
690 1417 723 1472 et
744 1417 878 1472 truncas
898 1425 1036 1491 manus,

161 1514 328 1604 Artusque
346 1508 490 1596 laceros,
506 1511 599 1579 triste
616 1525 784 1606 spectatu,
804 1525 907 1581 rotat.
1144 1544 1182 1582 κου

162 1625 281 1690 Parum
298 1634 348 1690 est
368 1647 375 1688 :
394 1620 556 1714 superbus
574 1621 636 1690 ista
655 1619 802 1714 praelusit
821 1620 936 1706 furor,

160 1732 204 1800 Et
217 1755 346 1800 summa
364 1729 478 1799 sceleri
492 1729 626 1816 deerat,
644 1746 678 1799 et
696 1728 837 1825 dignum
858 1731 994 1826 OEdipo
1025 1750 1029 1756 '

160 1841 322 1908 Poscebat
340 1840 429 1908 orbis
446 1840 594 1926 lacinus,
615 1865 654 1911 ac
673 1840 792 1910 decens
811 1854 886 1910 tuos

160 1953 291 2020 Jocasta
310 1948 474 2020 thalamos
494 1977 502 2017 :
524 1950 605 2044 quid
628 1976 727 2044 paves
749 1950 839 2020 diros
859 1951 950 2046 loqui

160 2059 350 2130 Miseranda
373 2058 490 2130 casus?
503 2060 626 2154 quidve
643 2075 719 2154 post
735 2075 852 2129 natum
874 2061 998 2130 times?
1142 2099 1178 2151 ,φ

160 2170 241 2241 vidi
260 2169 396 2239 efferato
416 2170 565 2239 concitos
581 2168 701 2238 fratres
722 2169 850 2264 gradu,

159 2282 236 2348 Mea
256 2281 415 2374 pignora,
432 2303 505 2348 mea
521 2279 666 2366 viscera,
679 2303 790 2346 meum
811 2280 1038 2373 sanguinem·

159 2390 200 2455 In
216 2413 251 2456 se
271 2402 405 2457 ruentes
427 2416 435 2456 ε
455 2389 564 2456 mutui
582 2388 675 2456 exitii
691 2401 850 2482 appetens
924 2395 928 2406 ’

158 2502 252 2568 Trux
274 2500 434 2569 aestuabat
453 2501 520 2586 ira,
540 2514 573 2568 et
591 2499 712 2593 ignitas
731 2498 848 2592 procul

157 2608 305 2679 Jaculata
327 2609 475 2678 flammas
497 2608 624 2677 lumina
645 2605 864 2701 implacabilis
942 2653 946 2662 ·

157 2719 311 2813 Signarat
333 2719 456 2787 ardor:
473 2717 536 2802 ivi,
558 2731 591 2784 et
608 2716 804 2784 horrentum
824 2714 909 2784 seros

156 2828 272 2898 Media
289 2829 375 2897 inter
393 2850 486 2896 enses
506 2838 612 2892 mater
630 2822 746 2892 infelix
760 2825 859 2894 steti:

156 2937 265 3024 Flevi,
284 2951 316 3006 et
334 2936 474 3006 lluentes
492 2933 662 3028 unguibus
680 2932 762 3001 scidi
777 2956 899 3026 genas3
964 2957 971 2969 ·
1080 2957 1087 2968 ·

157 3048 326 3132 clamavi,
343 3061 377 3115 et
393 3043 485 3115 albas
501 3044 654 3114 manibus
668 3042 763 3112 evelli
777 3067 907 3130 comas,

156 3163 289 3228 Testata
310 3181 470 3251 superos,
491 3155 630 3244 inferos,
648 3155 809 3249 patriam,
830 3153 925 3224 lares.
1136 3192 1175 3230 ,ος

156 3266 221 3336 Sed
241 3264 326 3336 heu!
344 3265 494 3335 nocentis
514 3265 655 3358 impium
675 3264 787 3357 stirpis
808 3289 913 3358 genus

154 3375 331 3447 Natalibus
349 3375 479 3470 putavit
500 3373 674 3468 indignum
695 3374 762 3442 suis

155 3488 282 3556 Pietate
299 3486 385 3554 flecti
405 3510 414 3554 ε
434 3484 514 3554 vicit
529 3499 625 3552 atrox
639 3484 794 3578 pauperis

156 3597 279 3667 Libido
300 3597 410 3692 regni,
428 3619 567 3689 quaeque
588 3607 748 3687 concepta
766 3607 815 3662 est
832 3591 953 3680 semel,

156 3707 247 3777 Vicit
268 3706 396 3776 cruoris
419 3703 535 3773 rabida
553 3703 692 3772 fraterni
710 3703 790 3772 sitis.
912 3703 913 3712 ’

159 3817 316 3911 Perrupit
333 3838 426 3884 arma
440 3812 565 3908 perfida
582 3813 744 3882 intortum
759 3835 880 3899 manu,

156 3925 297 4020 Altaque
316 3925 442 3993 ferrum
461 3924 656 4016 sanguinem
675 3921 840 3992 alternum
859 3919 953 3990 bibit.

157 4039 295 4103 Patuere
311 4032 384 4104 laxa
403 4031 557 4120 vulnera,
578 4049 611 4100 et
630 4033 804 4102 llammans
820 4032 925 4124 magis
