3070 5158
423 977 426 983 ’
527 1017 738 1098 rinnon

109 1253 190 1314 QUAE
214 1254 253 1302 ΙΝ
278 1253 350 1302 noo
374 1253 489 1302 Pnfflo
511 1252 697 1300 VOLUMINF,
718 1251 855 1299 TERTIAE
881 1244 1006 1300 rinus
1031 1249 1168 1300 SENECAE

456 1387 460 1394 ⁴
510 1379 767 1432 commissuri.

492 1583 779 1614 -οομ-

103 1749 324 1852 Pnnrsrro
341 1773 421 1842 novi
437 1771 586 1844 Editoris
594 1824 1014 1843 ..................
1135 1775 1169 1842 ix

100 1893 119 1962 J
123 1939 131 1958 .
150 1888 284 1985 Lipsius
294 1890 325 1956 F
326 1912 418 1958 rane.
439 1885 670 1984 Raphelcngio
686 1891 741 1958 Fr.
756 1893 792 1958 F.
808 1885 1021 1958 Plautiniano

151 2003 185 2074 S.
200 2007 234 2074 D
235 2054 1015 2074 .................................
1114 2005 1166 2098 xxj

101 2123 190 2192 Dan.
211 2117 340 2188 Heinsii
372 2116 414 2187 dc
438 2117 693 2214 ‘tragoediarum
722 2117 916 2188 auctoribus
944 2118 1024 2187 Dis-

150 2233 288 2302 sertatio
306 2280 1020 2303 ..............................
1095 2233 1169 2326 xxvj

101 2347 263 2418 Johannis
283 2345 382 2418 Isacii
397 2346 541 2416 Pontnni
562 2345 604 2415 de
622 2346 816 2416 auctoribus
831 2344 1026 2442 Tragoedia·

152 2487 226 2532 rum
253 2460 299 2533 ad
324 2464 367 2532 V.
396 2458 451 2534 Ci.
475 2463 613 2532 Petrum
638 2461 842 2533 Scriverium
865 2460 1026 2558 Prolego·

149 2601 275 2647 menon
290 2627 1022 2647 ...............................
1070 2577 1171 2646 xxxix

100 2693 153 2760 De
165 2692 296 2761 Annoeo
310 2691 436 2760 Seneca
453 2713 523 2758 uno
542 2689 797 2784 Trogoediarum
818 2713 892 2782 quae
907 2713 1025 2782 super-

70 2895 72 2900 ·
148 2816 233 2874 sunt
245 2801 397 2871 omnium
410 2815 556 2871 auctore.
579 2799 632 2896 (A
647 2803 776 2871 Jonrmc
792 2801 940 2898 Georgio
956 2803 1022 2872 Ca·

147 2911 427 3009 roloKiotrsch.)
451 2966 1017 2989 ........................
1104 2915 1167 3010 xlvj

97 3035 152 3104 De
169 3029 354 3128 Tragoediis
369 3033 503 3102 Senecae
520 3029 678 3102 historico
696 3045 729 3100 ct
751 3032 866 3102 critica
890 3033 1024 3102 Disser-

148 3147 259 3236 tatio,
286 3160 422 3217 auctore
440 3146 580 3235 Iacobo,
607 3147 642 3217 in
667 3147 841 3244 gymnasio
865 3148 1025 3218 Gothano

148 3261 338 3358 professore
354 3311 1018 3333 ............................
1115 3261 1169 3355 lvij

99 3377 328 3470 Hieronymus
349 3375 515 3446 Avantius
535 3377 738 3454 Veronensis
773 3375 815 3445 de
848 3365 1025 3471 generibus
1089 3377 1104 3428 '·

150 3493 340 3560 carminum
364 3489 456 3585 apud
477 3493 518 3560 Li
544 3493 707 3561 Annaeum
728 3493 886 3561 Senecam
905 3493 1024 3587 Tragi-

150 3629 528 3700 cum.............¹
543 3657 1012 3678 ....................
1132 3630 1172 3676 cv

100 3718 273 3812 Georgius
284 3717 456 3788 Fabricius
468 3717 719 3790 Chemnicensis
739 3718 780 3789 de
802 3717 938 3814 reliquis
958 3743 1028 3790 car·

153 3832 284 3901 minum
303 3831 480 3926 generibus
599 3885 607 3901 .
623 3886 631 3902 .
647 3817 661 3901 i
673 3884 1021 3905 ...............
1122 3835 1172 3928 cxj

106 3947 235 4017 Notitia
256 3943 404 4015 literaria
422 3944 465 4015 do
477 3946 662 4041 Tragoediis
683 3971 758 4042 quoe
777 3947 840 4016 sub
858 3949 898 4016 L.
917 3947 1029 4018 Annaei

156 4062 288 4130 Senecae
311 4055 446 4128 nomine
467 4059 632 4147 feruntur,
651 4085 692 4130 ex
706 4061 774 4131 Jos.
790 4059 867 4130 Alb.
887 4060 1031 4131 Fabricii

207 4177 239 4242 Ι.
263 4191 407 4256 &neopum
418 4187 493 4238 sortia.
1009 4173 1054 4246 δα
