3090 5142
438 510 546 604 xxviij
578 511 683 581 DAN.
706 511 874 580 HEINslt
900 513 962 580 DE
986 511 1058 579 lllS
1082 511 1356 582 TRAGOEDHS

438 651 525 717 tem,
545 634 740 722 Thyestem,
757 633 924 721 OEdipum
948 649 981 696 et
1002 635 1277 722 Agamemnonem
1300 633 1345 698 Μ.
1368 634 1501 700 Senecae

436 740 658 805 adscribimus.
684 738 827 825 Ideoque
846 753 879 802 et
900 737 1028 802 Senecae
1051 739 1184 800 nomine
1206 737 1247 801 ab
1272 739 1414 827 antiquis
1433 739 1503 803 lau·

435 847 564 911 dantur.
573 845 615 909 Et
630 845 663 908 in
679 845 768 909 libris
779 866 878 908 manu
892 843 1036 925 exaratis,
1054 842 1153 907 modo
1164 844 1266 926 Lucii,
1280 843 1379 908 modo
1396 843 1502 909 Marci

431 953 575 1016 invenias
588 972 786 1038 pronomen,
802 951 836 1014 in
849 948 1246 1036 quibusdamutrumque,
1256 967 1294 1014 nt
1309 951 1343 1012 in
1360 951 1501 1038 optimo,

431 1081 498 1146 quo
513 1079 591 1122 usus
608 1073 657 1122 est
672 1058 721 1121 vir
736 1077 884 1121 summus
901 1056 1011 1126 Justus
1026 1056 1163 1143 Lipsius.
1182 1058 1341 1120 Ceterum
1355 1061 1502 1122 accurati

321 1175 325 1184 '
427 1164 545 1245 judicis
562 1163 712 1230 acumine
727 1177 777 1226 est
789 1183 891 1249 opus,
905 1162 962 1248 qui
975 1183 1048 1225 suas
1065 1162 1184 1248 cuique
1198 1159 1371 1227 adscribat.
1386 1163 1503 1230 Poste-

431 1270 550 1334 riorem
559 1268 649 1332 hunc
657 1267 963 1356 Tragicumvocant.
971 1265 1091 1330 Paulus
1101 1267 1265 1330 Diaconus
1274 1266 1500 1334 Histllliscell.

429 1375 580 1440 lib.Vlll:
592 1373 716 1452 «Hujus
722 1370 886 1458 (Neronis)
892 1371 1092 1460 temporibus
1102 1387 1204 1459 poetae
1214 1371 1502 1458 pollebantllomae

429 1482 594 1560 Lucanus,
605 1478 765 1544 luvenalis
785 1493 818 1542 et
835 1476 979 1555 Persius,
1000 1477 1186 1563 Senemque
1197 1478 1369 1566 Tragicos,
1387 1479 1501 1544 Muso-

429 1588 519 1660 nius,
537 1600 634 1671 atqne
654 1582 846 1648 Plutarchus
862 1581 1084 1670 philosophi.»
1105 1581 1258 1647 Sidonius
1280 1581 1402 1671 (carm.
1417 1607 1439 1672 9
1456 1585 1499 1649 ad

429 1691 585 1778 Magnum
598 1687 736 1752 Felicem
749 1687 780 1773 ):

569 1805 692 1870 Quorum
704 1819 774 1856 unus
787 1801 851 1856 colit
865 1801 1000 1876 hispidum
1012 1803 1137 1870 Platona,

568 1893 760 1962 Incassumque
773 1907 852 1942 suum
867 1902 956 1942 monet
968 1891 1115 1954 Neronems

566 1979 739 2033 orchestram
753 1978 839 2049 quatit
853 1977 921 2032 alter
933 1978 1078 2050 Euripidis.

427 2107 572 2170 Alterum
585 2121 695 2170 autem
705 2105 801 2168 etiam
814 2120 962 2193 poemata
977 2105 1159 2192 scripsisse,
1173 2104 1349 2192 etquidem
1364 2106 1496 2187 crebro,

424 2213 475 2276 vel
490 2211 637 2291 Tacitus,
656 2226 695 2275 ut
711 2211 789 2274 ahos
809 2210 977 2292 omittam,
995 2232 1057 2275 nos
1079 2209 1185 2275 docet.
1202 2213 1361 2274 Ceterum
1387 2233 1496 2298 quum

428 2315 501 2380 duae
514 2316 579 2380 sint
590 2313 750 2404 tragoedias
762 2329 879 2401 partes,
888 2313 985 2379 altera
998 2315 1169 2378 uniformis
1182 2329 1213 2378 et
1227 2311 1371 2394 ejusdem
1385 2315 1497 2398 metri,

428 2445 524 2509 quam
553 2428 620 2482 κατὰ
632 2431 716 2497 στίχον
739 2418 813 2484 ideo
831 2435 966 2500 vocant,
994 2441 1066 2505 quse
1090 2435 1223 2507 excepto
1251 2420 1353 2484 choro
1382 2422 1498 2486 omnia

428 2526 656 2615 complectitur
678 2541 711 2588 et
731 2524 875 2595 iambum
897 2547 965 2587 non
991 2521 1135 2606 excedit,
1159 2524 1273 2607 altera,
1299 2548 1371 2612 quae
1397 2527 1498 2591 variis

426 2634 531 2699 utitur
548 2631 675 2712 metris,
699 2651 773 2718 pars
798 2630 955 2694 nimirum
974 2631 1120 2712 chorica,
1141 2630 1220 2694 hinc
1241 2653 1498 2719 nonnumquam

426 2739 624 2804 differentias
649 2735 750 2799 critici
775 2735 939 2799 notabant.
956 2736 1005 2798 lta
1029 2735 1206 2823 Sophocles
1231 2737 1498 2823 pericommatis,

425 2842 662 2930 antistrophicis
677 2841 815 2904 maxime
831 2839 1008 2905 delectatur
1015 2839 1194 2930 Euripides.
1209 2842 1426 2930 Latiniquum
1435 2843 1499 2907 has

428 2948 625 3014 dillerentias
647 2945 815 3036 ignorent,
834 2945 979 3010 versibus
1005 2961 1112 3010 tamen
1134 2945 1313 3010 differunt:
1330 2969 1414 3035 quos
1437 2967 1501 3013 aut

427 3052 558 3118 eosdem
570 3066 717 3140 ponunt,
734 3064 790 3113 aut
803 3071 879 3112 cum
894 3049 962 3112 aliis
972 3051 1125 3139 jungunt.
1139 3052 1179 3115 In
1191 3051 1295 3116 tribus
1311 3051 1380 3116 istis
1399 3053 1499 3116 Lucii

428 3157 518 3223 chori
543 3157 611 3220 fere
627 3177 666 3219 ex
684 3153 958 3241 hendecasyllabis
979 3156 1156 3244 sapphicis,
1173 3157 1385 3244 anapaesticis,
1411 3159 1499 3222 cho·

427 3262 604 3343 riambicis,
629 3258 785 3350 glyconiis
801 3274 975 3323 constant:
1000 3261 1119 3348 quibus
1141 3261 1192 3325 ulii
1215 3261 1380 3326 interdum
1403 3279 1501 3327 extra

427 3367 576 3434 ordinem
589 3366 788 3429 inseruntur.
807 3363 1006 3452 Pomponius
1018 3365 1204 3448 Secundus,
1220 3368 1278 3455 qui
1296 3391 1371 3432 curn
1388 3369 1500 3433 anio

427 3472 524 3553 vixit,
550 3483 606 3534 aut
627 3469 752 3556 primus
777 3485 834 3532 aut
856 3491 922 3557 prae
939 3471 1060 3534 caeteris
1085 3469 1259 3558 dactylicos
1287 3487 1500 3539 tetrametros

423 3577 530 3658 junxit
548 3575 581 3638 in
600 3573 716 3638 choris.
740 3571 818 3651 Ejus
836 3575 921 3638 sicut
938 3575 1073 3637 aemulus
1090 3590 1139 3651 et,
1170 3591 1207 3638 ut
1224 3574 1328 3640 Graeci
1343 3576 1501 3644 dicerent

427 3681 580 3770 magistri,
595 3681 803 3748 ἀντιδιδάσκαλος
820 3677 882 3762 init
897 3678 1016 3741 Lucius
1028 3677 1090 3760 ,ita
1108 3679 1252 3743 imitator
1268 3681 1303 3744 in
1322 3683 1383 3746 hac
1399 3703 1501 3772 parte

425 3787 563 3850 Marcus.
579 3781 793 3879 Terentianus
811 3779 964 3868 (Putsch.
982 3781 1106 3846 collect.
1122 3805 1195 3872 pag.
1212 3784 1334 3867 addolz

529 3899 562 3950 In
575 3895 682 3966 tragicis
693 3897 806 3968 junxere
816 3893 905 3947 choris
918 3894 993 3948 bunc
1006 3911 1075 3966 saepe
1087 3895 1180 3949 diserti

527 3989 643 4040 hunnus
654 3985 753 4038 Seneca
760 4021 769 4048 ,
788 3996 814 4037 et
827 3983 991 4055 Pomponius
1004 3997 1067 4038 ante
1078 3985 1225 4040 Secundus.

424 4093 486 4159 Ubi
503 4091 582 4156 illud
593 4103 669 4156 ante
686 4077 763 4155 nota
776 4096 917 4170 trauseat
934 4106 999 4172 est,
1018 4108 1055 4157 ut
1072 4109 1209 4176 constet,
1226 4110 1300 4159 uter
1317 4111 1430 4163 utrum
1450 4099 1499 4164 sit
