<?xml version="1.0" encoding="UTF-8"?>
<!DOCTYPE html PUBLIC "-//W3C//DTD XHTML 1.0 Transitional//EN"
    "http://www.w3.org/TR/xhtml1/DTD/xhtml1-transitional.dtd">
<html xmlns="http://www.w3.org/1999/xhtml" xml:lang="en" lang="en">
 <head>
  <title>
</title>
<meta http-equiv="Content-Type" content="text/html;charset=utf-8" />
  <meta name='ocr-system' content='tesseract 3.04.00' />
  <meta name='ocr-capabilities' content='ocr_page ocr_carea ocr_par ocr_line ocrx_word'/>
</head>
<body>
  <div class='ocr_page' id='page_1' title='image "./lannsenecparste02piergoog_0645.png"; bbox 0 0 3070 5158; ppageno 0'>
   <div class='ocr_carea' id='block_1_1' title="bbox 361 465 1280 552">
    <p class='ocr_par' dir='ltr' id='par_1_1' title="bbox 361 465 1280 552">
     <span class='ocr_line' id='line_1_1' title="bbox 361 465 1280 552; baseline -0.005 -13"><span class='ocrx_word' id='word_1_1' title='bbox 361 469 432 552; x_wconf 65' lang='lat'><strong>[180</strong></span> <span class='ocrx_word' id='word_1_2' title='bbox 530 467 579 536; x_wconf 90' lang='lat' dir='ltr'><strong>IN</strong></span> <span class='ocrx_word' id='word_1_3' title='bbox 600 466 871 536; x_wconf 69' lang='lat' dir='ltr'><strong>Phoenissis</strong></span> <span class='ocrx_word' id='word_1_4' title='bbox 896 465 1280 539; x_wconf 80' lang='lat' dir='ltr'><strong>SUPPLEMENTUM.</strong></span> 
     </span>
    </p>
   </div>
   <div class='ocr_carea' id='block_1_2' title="bbox 321 586 1276 2537">
    <p class='ocr_par' dir='ltr' id='par_1_2' title="bbox 409 586 1276 1778">
     <span class='ocr_line' id='line_1_2' title="bbox 411 586 1111 684; baseline -0.003 -25"><span class='ocrx_word' id='word_1_5' title='bbox 411 594 585 684; x_wconf 83' lang='lat' dir='ltr'><strong>Praeruptc</strong></span> <span class='ocrx_word' id='word_1_6' title='bbox 603 589 734 659; x_wconf 85' lang='lat' dir='ltr'><strong>Ithome</strong></span> <span class='ocrx_word' id='word_1_7' title='bbox 752 586 837 658; x_wconf 86' lang='lat' dir='ltr'><strong>celsa</strong></span> <span class='ocrx_word' id='word_1_8' title='bbox 851 590 992 658; x_wconf 87' lang='lat' dir='ltr'><strong>nutrivit</strong></span> <span class='ocrx_word' id='word_1_9' title='bbox 1004 591 1111 684; x_wconf 86' lang='lat' dir='ltr'><strong>jugo:</strong></span> 
     </span>
     <span class='ocr_line' id='line_1_3' title="bbox 411 696 1149 793; baseline -0.003 -25"><span class='ocrx_word' id='word_1_10' title='bbox 411 699 520 768; x_wconf 83' lang='lat' dir='ltr'><strong>Infids</strong></span> <span class='ocrx_word' id='word_1_11' title='bbox 540 699 650 768; x_wconf 85' lang='lat' dir='ltr'><strong>nautis</strong></span> <span class='ocrx_word' id='word_1_12' title='bbox 671 696 782 768; x_wconf 86' lang='lat' dir='ltr'><strong>Malea</strong></span> <span class='ocrx_word' id='word_1_13' title='bbox 805 723 889 792; x_wconf 89' lang='lat' dir='ltr'><strong>quos</strong></span> <span class='ocrx_word' id='word_1_14' title='bbox 906 723 1025 793; x_wconf 87' lang='lat' dir='ltr'><strong>campo</strong></span> <span class='ocrx_word' id='word_1_15' title='bbox 1039 697 1149 786; x_wconf 85' lang='lat' dir='ltr'><strong>dedit,</strong></span> 
     </span>
     <span class='ocr_line' id='line_1_4' title="bbox 409 806 1220 902; baseline -0.002 -24"><span class='ocrx_word' id='word_1_16' title='bbox 409 807 608 901; x_wconf 85' lang='lat' dir='ltr'><strong>Viridesque</strong></span> <span class='ocrx_word' id='word_1_17' title='bbox 621 806 787 901; x_wconf 73' lang='lat' dir='ltr'><strong>Amycle:</strong></span> <span class='ocrx_word' id='word_1_18' title='bbox 812 810 887 878; x_wconf 88' lang='lat' dir='ltr'><strong>Pisa</strong></span> <span class='ocrx_word' id='word_1_19' title='bbox 901 833 985 902; x_wconf 90' lang='lat' dir='ltr'><strong>quos</strong></span> <span class='ocrx_word' id='word_1_20' title='bbox 1000 807 1220 878; x_wconf 84' lang='lat' dir='ltr'><strong>docuit&#39;leves</strong></span> 
     </span>
     <span class='ocr_line' id='line_1_5' title="bbox 413 915 1190 1013; baseline -0.003 -25"><span class='ocrx_word' id='word_1_21' title='bbox 413 919 548 1013; x_wconf 79' lang='lat' dir='ltr'><strong>Agitare</strong></span> <span class='ocrx_word' id='word_1_22' title='bbox 561 917 709 986; x_wconf 80' lang='lat' dir='ltr'><strong>habenas</strong></span> <span class='ocrx_word' id='word_1_23' title='bbox 723 941 731 984; x_wconf 91' lang='lat'>:</span> <span class='ocrx_word' id='word_1_24' title='bbox 747 941 830 1010; x_wconf 90' lang='lat' dir='ltr'><strong>quos</strong></span> <span class='ocrx_word' id='word_1_25' title='bbox 845 915 978 1003; x_wconf 88' lang='lat' dir='ltr'><strong>Pilene,</strong></span> <span class='ocrx_word' id='word_1_26' title='bbox 1000 933 1034 986; x_wconf 87' lang='lat' dir='ltr'><strong>et</strong></span> <span class='ocrx_word' id='word_1_27' title='bbox 1047 917 1190 1004; x_wconf 83' lang='lat' dir='ltr'><strong>Olenos,</strong></span> 
     </span>
     <span class='ocr_line' id='line_1_6' title="bbox 411 1025 1276 1123; baseline -0.005 -25"><span class='ocrx_word' id='word_1_28' title='bbox 411 1027 627 1123; x_wconf 85' lang='lat' dir='ltr'><strong>Calydonque</strong></span> <span class='ocrx_word' id='word_1_29' title='bbox 642 1051 786 1120; x_wconf 75' lang='lat' dir='ltr'><strong>preceps</strong></span> <span class='ocrx_word' id='word_1_30' title='bbox 804 1029 922 1121; x_wconf 89' lang='lat' dir='ltr'><strong>genuit</strong></span> <span class='ocrx_word' id='word_1_31' title='bbox 934 1053 941 1095; x_wconf 92' lang='lat'>:</span> <span class='ocrx_word' id='word_1_32' title='bbox 954 1043 987 1096; x_wconf 89' lang='lat' dir='ltr'><strong>et</strong></span> <span class='ocrx_word' id='word_1_33' title='bbox 999 1042 1168 1121; x_wconf 84' lang='lat' dir='ltr'><strong>quotquot</strong></span> <span class='ocrx_word' id='word_1_34' title='bbox 1180 1025 1276 1095; x_wconf 84' lang='lat' dir='ltr'><strong>ferox</strong></span> 
     </span>
     <span class='ocr_line' id='line_1_7' title="bbox 410 1133 1102 1230; baseline -0.004 -23"><span class='ocrx_word' id='word_1_35' title='bbox 410 1142 450 1207; x_wconf 90' lang='lat' dir='ltr'><strong>In</strong></span> <span class='ocrx_word' id='word_1_36' title='bbox 470 1157 554 1206; x_wconf 78' lang='lat' dir='ltr'><strong>sava</strong></span> <span class='ocrx_word' id='word_1_37' title='bbox 569 1137 670 1204; x_wconf 82' lang='lat' dir='ltr'><strong>traxit</strong></span> <span class='ocrx_word' id='word_1_38' title='bbox 683 1133 768 1204; x_wconf 87' lang='lat' dir='ltr'><strong>bella</strong></span> <span class='ocrx_word' id='word_1_39' title='bbox 791 1135 963 1230; x_wconf 74' lang='lat' dir='ltr'><strong>Polynices</strong></span> <span class='ocrx_word' id='word_1_40' title='bbox 981 1161 1102 1206; x_wconf 87' lang='lat' dir='ltr'><strong>meus:</strong></span> 
     </span>
     <span class='ocr_line' id='line_1_8' title="bbox 418 1243 1085 1332; baseline 0 -18"><span class='ocrx_word' id='word_1_41' title='bbox 418 1249 461 1316; x_wconf 91' lang='lat' dir='ltr'><strong>Et</strong></span> <span class='ocrx_word' id='word_1_42' title='bbox 480 1271 537 1315; x_wconf 86' lang='lat' dir='ltr'><strong>vos</strong></span> <span class='ocrx_word' id='word_1_43' title='bbox 554 1243 676 1315; x_wconf 87' lang='lat' dir='ltr'><strong>relictae</strong></span> <span class='ocrx_word' id='word_1_44' title='bbox 693 1244 826 1314; x_wconf 86' lang='lat' dir='ltr'><strong>sedibus</strong></span> <span class='ocrx_word' id='word_1_45' title='bbox 836 1245 946 1314; x_wconf 91' lang='lat' dir='ltr'><strong>viduis</strong></span> <span class='ocrx_word' id='word_1_46' title='bbox 962 1271 1085 1332; x_wconf 90' lang='lat' dir='ltr'><strong>nurus,</strong></span> 
     </span>
     <span class='ocr_line' id='line_1_9' title="bbox 417 1355 1271 1450; baseline -0.004 -26"><span class='ocrx_word' id='word_1_47' title='bbox 417 1358 462 1424; x_wconf 92' lang='lat' dir='ltr'><strong>Et</strong></span> <span class='ocrx_word' id='word_1_48' title='bbox 478 1355 560 1423; x_wconf 90' lang='lat' dir='ltr'><strong>orba</strong></span> <span class='ocrx_word' id='word_1_49' title='bbox 580 1355 730 1448; x_wconf 88' lang='lat' dir='ltr'><strong>patribus</strong></span> <span class='ocrx_word' id='word_1_50' title='bbox 746 1355 902 1450; x_wconf 88' lang='lat' dir='ltr'><strong>pignora,</strong></span> <span class='ocrx_word' id='word_1_51' title='bbox 917 1369 950 1424; x_wconf 90' lang='lat' dir='ltr'><strong>et</strong></span> <span class='ocrx_word' id='word_1_52' title='bbox 962 1371 1108 1425; x_wconf 87' lang='lat' dir='ltr'><strong>matrum</strong></span> <span class='ocrx_word' id='word_1_53' title='bbox 1127 1379 1271 1450; x_wconf 80' lang='lat' dir='ltr'><strong>greges:</strong></span> 
     </span>
     <span class='ocr_line' id='line_1_10' title="bbox 412 1463 1190 1559; baseline -0.001 -25"><span class='ocrx_word' id='word_1_54' title='bbox 412 1469 548 1559; x_wconf 88' lang='lat' dir='ltr'><strong>Vosque</strong></span> <span class='ocrx_word' id='word_1_55' title='bbox 568 1488 589 1532; x_wconf 92' lang='lat' dir='ltr'><strong>o</strong></span> <span class='ocrx_word' id='word_1_56' title='bbox 606 1489 759 1533; x_wconf 89' lang='lat' dir='ltr'><strong>meorum</strong></span> <span class='ocrx_word' id='word_1_57' title='bbox 777 1464 901 1533; x_wconf 89' lang='lat' dir='ltr'><strong>civium</strong></span> <span class='ocrx_word' id='word_1_58' title='bbox 917 1463 1032 1533; x_wconf 84' lang='lat' dir='ltr'><strong>infelix</strong></span> <span class='ocrx_word' id='word_1_59' title='bbox 1050 1465 1190 1551; x_wconf 84' lang='lat' dir='ltr'><strong>cohors,</strong></span> 
     </span>
     <span class='ocr_line' id='line_1_11' title="bbox 412 1572 1163 1669; baseline 0 -27"><span class='ocrx_word' id='word_1_60' title='bbox 412 1574 546 1663; x_wconf 86' lang='lat' dir='ltr'><strong>Quibus</strong></span> <span class='ocrx_word' id='word_1_61' title='bbox 567 1575 638 1669; x_wconf 87' lang='lat' dir='ltr'><strong>ipsa</strong></span> <span class='ocrx_word' id='word_1_62' title='bbox 658 1572 789 1658; x_wconf 88' lang='lat' dir='ltr'><strong>luctus,</strong></span> <span class='ocrx_word' id='word_1_63' title='bbox 812 1575 954 1661; x_wconf 82' lang='lat' dir='ltr'><strong>orbitas,</strong></span> <span class='ocrx_word' id='word_1_64' title='bbox 972 1574 1077 1643; x_wconf 78' lang='lat' dir='ltr'><strong>caedes</strong></span> <span class='ocrx_word' id='word_1_65' title='bbox 1094 1573 1163 1660; x_wconf 89' lang='lat' dir='ltr'><strong>fui;</strong></span> 
     </span>
     <span class='ocr_line' id='line_1_12' title="bbox 413 1681 1138 1778; baseline -0.004 -23"><span class='ocrx_word' id='word_1_66' title='bbox 413 1688 571 1778; x_wconf 86' lang='lat' dir='ltr'><strong>Spectate</strong></span> <span class='ocrx_word' id='word_1_67' title='bbox 593 1683 722 1778; x_wconf 87' lang='lat' dir='ltr'><strong>generis</strong></span> <span class='ocrx_word' id='word_1_68' title='bbox 744 1681 899 1752; x_wconf 88' lang='lat' dir='ltr'><strong>ultimum</strong></span> <span class='ocrx_word' id='word_1_69' title='bbox 918 1683 1015 1752; x_wconf 88' lang='lat' dir='ltr'><strong>invisi</strong></span> <span class='ocrx_word' id='word_1_70' title='bbox 1034 1681 1138 1752; x_wconf 86' lang='lat' dir='ltr'><strong>nefas.</strong></span> 
     </span>
    </p>

    <p class='ocr_par' dir='ltr' id='par_1_3' title="bbox 321 1790 1222 2537">
     <span class='ocr_line' id='line_1_13' title="bbox 321 1790 1118 1885; baseline 0 -25"><span class='ocrx_word' id='word_1_71' title='bbox 321 1821 324 1828; x_wconf 53' lang='lat'><strong>⁴</strong></span> <span class='ocrx_word' id='word_1_72' title='bbox 411 1797 492 1862; x_wconf 77' lang='lat' dir='ltr'><strong>Haec</strong></span> <span class='ocrx_word' id='word_1_73' title='bbox 509 1790 573 1861; x_wconf 89' lang='lat' dir='ltr'><strong>tela</strong></span> <span class='ocrx_word' id='word_1_74' title='bbox 592 1791 657 1860; x_wconf 90' lang='lat' dir='ltr'><strong>diri</strong></span> <span class='ocrx_word' id='word_1_75' title='bbox 672 1792 817 1885; x_wconf 85' lang='lat' dir='ltr'><strong>pectoris</strong></span> <span class='ocrx_word' id='word_1_76' title='bbox 835 1791 990 1885; x_wconf 80' lang='lat' dir='ltr'><strong>frangent</strong></span> <span class='ocrx_word' id='word_1_77' title='bbox 1007 1793 1118 1879; x_wconf 88' lang='lat' dir='ltr'><strong>sinus,</strong></span> 
     </span>
     <span class='ocr_line' id='line_1_14' title="bbox 410 1899 1124 1988; baseline 0 -18"><span class='ocrx_word' id='word_1_78' title='bbox 410 1905 452 1970; x_wconf 89' lang='lat' dir='ltr'><strong>Et</strong></span> <span class='ocrx_word' id='word_1_79' title='bbox 474 1901 559 1971; x_wconf 87' lang='lat' dir='ltr'><strong>foeda</strong></span> <span class='ocrx_word' id='word_1_80' title='bbox 578 1900 653 1971; x_wconf 89' lang='lat' dir='ltr'><strong>lecti</strong></span> <span class='ocrx_word' id='word_1_81' title='bbox 673 1901 812 1988; x_wconf 85' lang='lat' dir='ltr'><strong>foedera,</strong></span> <span class='ocrx_word' id='word_1_82' title='bbox 829 1916 864 1970; x_wconf 84' lang='lat' dir='ltr'><strong>et</strong></span> <span class='ocrx_word' id='word_1_83' title='bbox 881 1915 1007 1970; x_wconf 84' lang='lat' dir='ltr'><strong>vestros</strong></span> <span class='ocrx_word' id='word_1_84' title='bbox 1024 1899 1124 1970; x_wconf 90' lang='lat' dir='ltr'><strong>simul</strong></span> 
     </span>
     <span class='ocr_line' id='line_1_15' title="bbox 411 2009 1222 2104; baseline 0.001 -25"><span class='ocrx_word' id='word_1_85' title='bbox 411 2010 531 2079; x_wconf 85' lang='lat' dir='ltr'><strong>Ultura</strong></span> <span class='ocrx_word' id='word_1_86' title='bbox 547 2009 643 2078; x_wconf 87' lang='lat' dir='ltr'><strong>fletus</strong></span> <span class='ocrx_word' id='word_1_87' title='bbox 662 2010 856 2104; x_wconf 88' lang='lat' dir='ltr'><strong>sanguinem</strong></span> <span class='ocrx_word' id='word_1_88' title='bbox 874 2010 1035 2080; x_wconf 85' lang='lat' dir='ltr'><strong>incestum</strong></span> <span class='ocrx_word' id='word_1_89' title='bbox 1050 2012 1222 2090; x_wconf 86' lang='lat' dir='ltr'><strong>haurient.</strong></span> 
     </span>
     <span class='ocr_line' id='line_1_16' title="bbox 413 2117 994 2188; baseline 0 0"><span class='ocrx_word' id='word_1_90' title='bbox 413 2118 501 2188; x_wconf 87' lang='lat' dir='ltr'><strong>Ades</strong></span> <span class='ocrx_word' id='word_1_91' title='bbox 515 2117 660 2188; x_wconf 90' lang='lat' dir='ltr'><strong>colubris</strong></span> <span class='ocrx_word' id='word_1_92' title='bbox 674 2120 766 2187; x_wconf 88' lang='lat' dir='ltr'><strong>triste</strong></span> <span class='ocrx_word' id='word_1_93' title='bbox 785 2118 994 2188; x_wconf 85' lang='lat' dir='ltr'><strong>sibilantibus</strong></span> 
     </span>
     <span class='ocr_line' id='line_1_17' title="bbox 413 2214 1217 2322; baseline 0 -24"><span class='ocrx_word' id='word_1_94' title='bbox 413 2228 544 2299; x_wconf 88' lang='lat' dir='ltr'><strong>Nodata</strong></span> <span class='ocrx_word' id='word_1_95' title='bbox 562 2229 688 2297; x_wconf 89' lang='lat' dir='ltr'><strong>crinem</strong></span> <span class='ocrx_word' id='word_1_96' title='bbox 706 2214 906 2322; x_wconf 87' lang='lat' dir='ltr'><strong>Tisiphone,</strong></span> <span class='ocrx_word' id='word_1_97' title='bbox 930 2245 965 2298; x_wconf 91' lang='lat' dir='ltr'><strong>et</strong></span> <span class='ocrx_word' id='word_1_98' title='bbox 983 2229 1097 2298; x_wconf 84' lang='lat' dir='ltr'><strong>ambas</strong></span> <span class='ocrx_word' id='word_1_99' title='bbox 1116 2227 1217 2299; x_wconf 89' lang='lat' dir='ltr'><strong>simul</strong></span> 
     </span>
     <span class='ocr_line' id='line_1_18' title="bbox 412 2337 1126 2431; baseline 0.003 -24"><span class='ocrx_word' id='word_1_100' title='bbox 412 2337 503 2408; x_wconf 88' lang='lat' dir='ltr'><strong>Infer</strong></span> <span class='ocrx_word' id='word_1_101' title='bbox 525 2362 676 2406; x_wconf 90' lang='lat' dir='ltr'><strong>sorores:</strong></span> <span class='ocrx_word' id='word_1_102' title='bbox 700 2337 819 2431; x_wconf 85' lang='lat' dir='ltr'><strong>praefer</strong></span> <span class='ocrx_word' id='word_1_103' title='bbox 841 2338 1001 2408; x_wconf 91' lang='lat' dir='ltr'><strong>infaustas</strong></span> <span class='ocrx_word' id='word_1_104' title='bbox 1019 2339 1126 2428; x_wconf 80' lang='lat' dir='ltr'><strong>feces,</strong></span> 
     </span>
     <span class='ocr_line' id='line_1_19' title="bbox 413 2445 1092 2537; baseline 0.006 -23"><span class='ocrx_word' id='word_1_105' title='bbox 413 2447 518 2537; x_wconf 91' lang='lat' dir='ltr'><strong>Queis</strong></span> <span class='ocrx_word' id='word_1_106' title='bbox 537 2445 747 2516; x_wconf 83' lang='lat' dir='ltr'><strong>exsecrandis</strong></span> <span class='ocrx_word' id='word_1_107' title='bbox 762 2460 851 2516; x_wconf 87' lang='lat' dir='ltr'><strong>tetra</strong></span> <span class='ocrx_word' id='word_1_108' title='bbox 870 2446 981 2518; x_wconf 90' lang='lat' dir='ltr'><strong>luxisti</strong></span> <span class='ocrx_word' id='word_1_109' title='bbox 1001 2451 1092 2518; x_wconf 87' lang='lat' dir='ltr'><strong>toris.</strong></span> 
     </span>
    </p>
   </div>
   <div class='ocr_carea' id='block_1_3' title="bbox 371 2549 1426 3313">
    <p class='ocr_par' dir='ltr' id='par_1_4' title="bbox 412 2549 1426 3198">
     <span class='ocr_line' id='line_1_20' title="bbox 414 2549 1128 2654; baseline 0.004 -29"><span class='ocrx_word' id='word_1_110' title='bbox 414 2555 502 2626; x_wconf 83' lang='lat' dir='ltr'><strong>Ades</strong></span> <span class='ocrx_word' id='word_1_111' title='bbox 519 2580 638 2624; x_wconf 88' lang='lat' dir='ltr'><strong>cruore</strong></span> <span class='ocrx_word' id='word_1_112' title='bbox 652 2555 821 2624; x_wconf 85' lang='lat' dir='ltr'><strong>flammeas</strong></span> <span class='ocrx_word' id='word_1_113' title='bbox 838 2557 976 2626; x_wconf 84' lang='lat' dir='ltr'><strong>madens</strong></span> <span class='ocrx_word' id='word_1_114' title='bbox 991 2583 1091 2654; x_wconf 87' lang='lat' dir='ltr'><strong>genas</strong></span> <span class='ocrx_word' id='word_1_115' title='bbox 1102 2549 1128 2646; x_wconf 94' lang='lat'><strong>,</strong></span> 
     </span>
     <span class='ocr_line' id='line_1_21' title="bbox 412 2664 1246 2761; baseline 0.004 -26"><span class='ocrx_word' id='word_1_116' title='bbox 412 2664 609 2735; x_wconf 87' lang='lat' dir='ltr'><strong>Furibunda</strong></span> <span class='ocrx_word' id='word_1_117' title='bbox 630 2668 744 2759; x_wconf 87' lang='lat' dir='ltr'><strong>Enyo,</strong></span> <span class='ocrx_word' id='word_1_118' title='bbox 763 2665 865 2735; x_wconf 89' lang='lat' dir='ltr'><strong>corda</strong></span> <span class='ocrx_word' id='word_1_119' title='bbox 884 2691 958 2761; x_wconf 82' lang='lat' dir='ltr'><strong>quae</strong></span> <span class='ocrx_word' id='word_1_120' title='bbox 972 2667 1115 2738; x_wconf 84' lang='lat' dir='ltr'><strong>fratrum</strong></span> <span class='ocrx_word' id='word_1_121' title='bbox 1130 2684 1246 2740; x_wconf 89' lang='lat' dir='ltr'><strong>truces</strong></span> 
     </span>
     <span class='ocr_line' id='line_1_22' title="bbox 414 2775 1158 2874; baseline 0.003 -28"><span class='ocrx_word' id='word_1_122' title='bbox 414 2775 559 2846; x_wconf 84' lang='lat' dir='ltr'><strong>Armasti</strong></span> <span class='ocrx_word' id='word_1_123' title='bbox 582 2775 616 2842; x_wconf 93' lang='lat' dir='ltr'><strong>in</strong></span> <span class='ocrx_word' id='word_1_124' title='bbox 639 2775 729 2844; x_wconf 88' lang='lat' dir='ltr'><strong>iras:</strong></span> <span class='ocrx_word' id='word_1_125' title='bbox 753 2789 855 2869; x_wconf 86' lang='lat' dir='ltr'><strong>tuque</strong></span> <span class='ocrx_word' id='word_1_126' title='bbox 871 2778 1030 2846; x_wconf 76' lang='lat' dir='ltr'><strong>Taenariae</strong></span> <span class='ocrx_word' id='word_1_127' title='bbox 1047 2779 1158 2874; x_wconf 81' lang='lat' dir='ltr'><strong>Stygis</strong></span> 
     </span>
     <span class='ocr_line' id='line_1_23' title="bbox 414 2883 1426 2979; baseline 0.002 -24"><span class='ocrx_word' id='word_1_128' title='bbox 414 2885 557 2955; x_wconf 89' lang='lat' dir='ltr'><strong>Immitis</strong></span> <span class='ocrx_word' id='word_1_129' title='bbox 574 2884 715 2971; x_wconf 89' lang='lat' dir='ltr'><strong>arbiter,</strong></span> <span class='ocrx_word' id='word_1_130' title='bbox 731 2883 789 2979; x_wconf 90' lang='lat' dir='ltr'><strong>qui</strong></span> <span class='ocrx_word' id='word_1_131' title='bbox 809 2885 1005 2956; x_wconf 81' lang='lat' dir='ltr'><strong>inexorabili</strong></span> <span class='ocrx_word' id='word_1_132' title='bbox 1397 2921 1426 2970; x_wconf 64' lang='lat' dir='ltr'><strong>‚s</strong></span> 
     </span>
     <span class='ocr_line' id='line_1_24' title="bbox 414 2992 1291 3092; baseline 0.001 -27"><span class='ocrx_word' id='word_1_133' title='bbox 414 2996 521 3090; x_wconf 85' lang='lat' dir='ltr'><strong>Nigra</strong></span> <span class='ocrx_word' id='word_1_134' title='bbox 535 3018 636 3088; x_wconf 87' lang='lat' dir='ltr'><strong>regua</strong></span> <span class='ocrx_word' id='word_1_135' title='bbox 657 3008 806 3088; x_wconf 89' lang='lat' dir='ltr'><strong>sceptro,</strong></span> <span class='ocrx_word' id='word_1_136' title='bbox 830 2992 973 3064; x_wconf 87' lang='lat' dir='ltr'><strong>ferreum</strong></span> <span class='ocrx_word' id='word_1_137' title='bbox 989 3009 1124 3089; x_wconf 87' lang='lat' dir='ltr'><strong>pectus,</strong></span> <span class='ocrx_word' id='word_1_138' title='bbox 1140 2998 1291 3092; x_wconf 86' lang='lat' dir='ltr'><strong>premis,</strong></span> 
     </span>
     <span class='ocr_line' id='line_1_25' title="bbox 416 3102 1141 3198; baseline 0.003 -26"><span class='ocrx_word' id='word_1_139' title='bbox 416 3106 567 3198; x_wconf 85' lang='lat' dir='ltr'><strong>Agnosce</strong></span> <span class='ocrx_word' id='word_1_140' title='bbox 589 3102 705 3172; x_wconf 88' lang='lat' dir='ltr'><strong>cultris</strong></span> <span class='ocrx_word' id='word_1_141' title='bbox 719 3103 888 3172; x_wconf 85' lang='lat' dir='ltr'><strong>victimam</strong></span> <span class='ocrx_word' id='word_1_142' title='bbox 902 3103 1037 3198; x_wconf 86' lang='lat' dir='ltr'><strong>dignam</strong></span> <span class='ocrx_word' id='word_1_143' title='bbox 1056 3106 1141 3192; x_wconf 90' lang='lat' dir='ltr'><strong>tuis,</strong></span> 
     </span>
    </p>

    <p class='ocr_par' dir='ltr' id='par_1_5' title="bbox 371 3211 1149 3313">
     <span class='ocr_line' id='line_1_26' title="bbox 371 3211 1149 3313; baseline 0.004 -29"><span class='ocrx_word' id='word_1_144' title='bbox 371 3300 373 3313; x_wconf 37' lang='grc' dir='ltr'>Ι</span> <span class='ocrx_word' id='word_1_145' title='bbox 416 3215 544 3284; x_wconf 90' lang='lat' dir='ltr'><strong>Omitte</strong></span> <span class='ocrx_word' id='word_1_146' title='bbox 563 3211 700 3308; x_wconf 85' lang='lat' dir='ltr'><strong>vulgus,</strong></span> <span class='ocrx_word' id='word_1_147' title='bbox 721 3213 834 3284; x_wconf 88' lang='lat' dir='ltr'><strong>nobile</strong></span> <span class='ocrx_word' id='word_1_148' title='bbox 849 3214 1020 3310; x_wconf 88' lang='lat' dir='ltr'><strong>ingredior</strong></span> <span class='ocrx_word' id='word_1_149' title='bbox 1034 3214 1149 3286; x_wconf 87' lang='lat' dir='ltr'><strong>scelus.</strong></span> 
     </span>
    </p>
   </div>
   <div class='ocr_carea' id='block_1_4' title="bbox 728 3591 1066 3622">
    <p class='ocr_par' dir='ltr' id='par_1_6' title="bbox 728 3591 1066 3622">
     <span class='ocr_line' id='line_1_27' title="bbox 728 3591 1066 3622; baseline 0 0"><span class='ocrx_word' id='word_1_150' title='bbox 728 3591 1066 3622; x_wconf 48' lang='lat' dir='ltr'><strong>fl*-</strong></span> 
     </span>
    </p>
   </div>
   <div class='ocr_carea' id='block_1_5' title="bbox 0 0 1552 5158">
    <p class='ocr_par' dir='ltr' id='par_1_7' title="bbox 0 0 1552 5158">
     <span class='ocr_line' id='line_1_28' title="bbox 0 0 1552 5158; baseline 0 0"><span class='ocrx_word' id='word_1_151' title='bbox 0 0 1552 5158; x_wconf 95' lang='lat' dir='ltr'><strong> </strong></span> 
     </span>
    </p>
   </div>
  </div>
 </body>
</html>
