3210 5140
400 531 408 556 ”
433 536 939 608 ANIMADVERSIONES.
1148 535 1217 608 185

157 666 215 721 dem
232 663 248 719 ἐ
260 692 272 714 ι
282 665 358 720 MSS·
374 684 429 719 uuo
444 685 574 722 consensu
588 684 695 733 omnes,
713 669 786 717 trs'stis
800 677 826 717 et
839 667 936 734 inseris,
955 665 1002 734 qui
1016 665 1163 729 tristantur,
1177 666 1221 717 in·

157 748 214 820 quit
222 760 300 801 setus
309 747 456 817 interpres,
469 745 535 800 dum
549 745 642 800 vident
654 747 770 813 lucem»,
780 761 841 817 quse
855 745 935 798 verbu
950 743 1056 798 videtur
1067 745 1221 798 Gronovius

156 826 190 880 sd
199 827 345 880 Gruterum
356 839 455 880 temere
466 827 637 880 transtulisse.
650 823 703 879 Sed
717 843 765 878 uec
774 825 905 878 Gruterus
913 841 961 877 nec
973 824 1029 894 ipse
1041 824 1221 878 Commelinus

157 910 230 958 tristis
251 917 275 958 et
289 907 371 972 inseris
386 906 414 958 in
432 905 514 959 libros
531 925 592 959 suus
610 922 755 976 recepere:
775 916 887 975 uterque
907 903 1013 957 tristibus
1028 905 1110 970 inferis
1128 902 1220 957 edidit.

157 984 237 1039 Unde
248 997 276 1038 et
288 1004 342 1058 qua
354 985 457 1038 ratione
470 995 512 1040 tut
525 985 554 1038 in
568 1004 648 1039 uuam
664 984 795 1038 Grouosii
807 996 898 1037 notam
911 1001 1016 1038 mores
1029 981 1221 1048 confluxerint,

157 1063 228 1119 band
243 1065 305 1118 satis
317 1066 380 1118 scio.
1190 1063 1192 1070 '

198 1147 264 1215 571.
277 1145 380 1216 Ilepets't.
392 1143 489 1197 Melius
501 1162 581 1216 quam
595 1146 679 1215 11111711
691 1163 701 1196 .·
714 1155 819 1214 receptu
832 1144 903 1196 euim
917 1144 1042 1212 conjuge,
1055 1155 1083 1194 et
1095 1142 1165 1196 inter
1177 1161 1220 1196 rc·

158 1223 310 1290 denudum,
328 1223 439 1295 Orpheo
453 1242 503 1276 nec
517 1241 596 1295 preoe
610 1223 738 1295 supplici,
753 1241 802 1276 nec
819 1223 891 1275 vocis
910 1219 1053 1275 dulcedine
1071 1241 1138 1293 opus
1159 1222 1222 1277 tuit.

158 1304 269 1358 Frustra
283 1304 420 1357 Pomanus
436 1322 492 1356 non
510 1303 651 1374 repetitam
667 1315 769 1356 tsntum
783 1300 948 1374 Eurydicen,
966 1298 1012 1354 sed
1027 1313 1054 1353 et
1068 1315 1220 1373 receptam,

158 1384 250 1437 scs-ibit
264 1401 272 1437 :
285 1383 387 1455 respuit
401 1383 474 1458 enim
486 1401 578 1436 rocem
590 1385 673 1453 recipit
686 1381 839 1453 conjunctio
852 1382 925 1443 dum5
938 1399 1022 1433 unum
1035 1399 1067 1433 ex
1079 1381 1120 1434 bis
1132 1381 1222 1453 requi·

157 1463 193 1516 sit
205 1481 297 1516 sensus
309 1464 464 1527 necessitas,
476 1463 519 1516 vel
534 1462 591 1514 dum
604 1465 702 1532 repetit,
715 1463 733 1516 i.
750 1481 773 1514 e.
788 1460 854 1515 dum
868 1461 939 1512 vadit
953 1461 989 1512 ad
1001 1462 1167 1531 resplendens,
1179 1462 1225 1514 sel

158 1555 184 1594 ut
196 1545 303 1613 recipiet.
323 1545 445 1594 Attamen
460 1545 545 1612 1111711
559 1541 586 1594 in
603 1539 725 1614 Mogunl.
743 1541 854 1611 Herbip.
871 1553 898 1594 et
914 1541 1009 1592 Venet.
1029 1540 1178 1606 Delrionis,
1192 1541 1226 1593 in-

158 1623 318 1675 Cruserisno
326 1621 454 1686 Pontsui,
466 1621 495 1674 in
507 1620 673 1691 undeviginti
684 1621 793 1686 Periss,
805 1633 831 1673 ct
843 1621 871 1672 in
882 1633 945 1673 vett.
958 1617 1020 1672 edd.
1030 1619 1107 1673 Fern.
1118 1619 1220 1674 Isoard.

158 1701 244 1773 AEgid.
258 1701 356 1754 Philol.
371 1703 476 1754 Ascens.
493 1701 594 1754 Contra
610 1703 695 1772 repetit
711 1701 739 1754 iu
755 1702 848 1753 Asant.
863 1701 942 1753 Visu.
960 1699 1065 1770 Gryph.
1084 1700 1155 1754 Petr.
1171 1701 1221 1753 Fa·

158 1782 223 1834 bric.
241 1782 371 1836 Commel.
388 1781 461 1834 Delr.
477 1779 556 1834 Grut.
571 1780 663 1834 Heius.
680 1780 791 1852 Ruphel.
808 1779 891 1832 Scrit.

199 1863 263 1931 577.
287 1861 384 1931 Deflent
405 1860 552 1934 Ewydicen.
575 1861 607 1913 In
630 1858 773 1913 duodecim
796 1859 892 1913 Pariss.
912 1870 938 1912 et
956 1869 1021 1911 vett.
1043 1857 1117 1911 editt.
1140 1859 1220 1912 Foru.

158 1942 257 1994 Isoud.
271 1939 360 2010 AEgid.
377 1940 473 1992 Philol.
489 1941 594 1994 Ascens.
608 1941 703 1993 Avsnt.
718 1940 799 1993 Vian.
815 1939 922 2010 Gryph.
936 1933 1006 1991 Petr.
1023 1937 1126 1991 Fsbric.
1141 1939 1222 1992 Cons-

158 2020 217 2074 mel.
234 2020 281 2074 hic
297 2037 388 2072 versus
404 2032 464 2089 pust
480 2038 506 2072 v.
523 2019 594 2082 580,
610 2020 737 2090 (inserunt,
755 2039 784 2070 ae
802 2030 903 2080 veteres,
920 2029 984 2080 etc..
1007 2017 1153 2088 relegetur,
1169 2037 1222 2089 qua

159 2099 332 2171 dispositione
347 2098 472 2160 admissa,
486 2099 588 2152 lehorst
602 2100 653 2152 loci
667 2117 767 2152 sensus.
779 2098 885 2151 Monuit
898 2110 985 2150 autem
998 2097 1103 2170 Lipsius
1115 2116 1221 2150 versum

159 2181 257 2251 Deflent
270 2179 420 2250 Eurydicen,
435 2191 486 2231 etc.
500 2179 529 2229 in
543 2179 627 2231 veteri
641 2179 710 2231 libro
723 2189 783 2249 post
795 2196 820 2229 v.
836 2177 892 2247 576
908 2177 944 2230 Et
955 2177 1033 2228 surdis
1046 2188 1154 2240 resonat,
1171 2189 1223 2230 etc.

159 2263 273 2332 epponi,
286 2272 313 2311 et
326 2259 396 2311 hanc
407 2258 606 2311 collocationem
617 2258 777 2311 Commelin.
789 2276 819 2309 ex
834 2256 908 2310 MSS.
922 2256 1121 2321 vetustioribus,
1132 2257 1223 2309 Delrin

158 2357 189 2392 ex
201 2337 304 2410 judicio
320 2357 384 2401 suo,
397 2339 644 2408 comprobaverunt.
657 2337 714 2390 Illis
728 2337 823 2391 merito
838 2355 852 2388 1
868 2355 940 2408 seqq.
956 2334 1103 2389 editoribus
1116 2337 1223 2389 ansoul-

160 2429 244 2472 tstnm
261 2430 309 2472 est.
323 2413 398 2480 (Vid.
415 2435 473 2489 quse
489 2430 578 2470 nutes.
594 2437 622 2488 p.
639 2409 699 2486 69.)
780 2405 782 2410 ¹

199 2499 265 2552 ⁵83.
280 2499 308 2550 E
310 2497 375 2550 rode.
391 2498 502 2550 Vetusta
515 2497 616 2569 aliquot
628 2495 787 2566 exemplaria
803 2509 827 2547 et
839 2496 903 2547 vade
917 2495 1057 2560 exhibent,
1073 2495 1224 2566 ·pleniore,

159 2579 247 2649 iuquit
265 2576 460 2640 Commelinus,
474 2577 638 2630 sententis..
656 2576 740 2629 Nobis
758 2595 831 2628 secus
848 2573 962 2628 videtur.
981 2577 1072 2646 Longe
1088 2576 1181 2630 melius
1195 2597 1225 2628 en

158 2659 230 2720 orde,
244 2655 320 2730 quod
331 2657 469 2719 invenerat
480 2656 609 2710 Commel.
621 2657 649 2709 in
660 2675 715 2708 uno
723 2653 832 2722 codice,
844 2654 971 2728 quodque
982 2652 1134 2726 suppeditat
1144 2656 1223 2710 etiam

159 2737 240 2791 Paris.
256 2735 313 2790 MS.
328 2739 415 2791 8026.

199 2821 264 2887 590.
282 2817 401 2870 Ces-mins.
422 2817 522 2869 Omnes
537 2816 613 2869 MSS.
632 2829 659 2869 et
676 2828 736 2869 ante
751 2815 918 2868 Gronovium
936 2813 997 2868 edd.
1014 2808 1132 2878 euntibus,
1149 2814 1222 2886 quod

158 2897 203 2949 illc
214 2897 311 2950 mutari
320 2896 413 2967 jussit,
426 2896 487 2966 quis
499 2898 527 2948 iu
537 2897 653 2972 Florent.
667 2899 771 2947 carmine
781 2896 926 2948 invenerat.
940 2897 1000 2967 lpse
1015 2909 1100 2948 tamen
1116 2895 1143 2946 in
1155 2915 1224 2947 con·

160 2989 233 3030 testu
244 2976 376 3046 vulgatam
390 2975 515 3040 retinuit,
528 2995 607 3046 quam
618 2993 673 3028 non
686 2974 835 3046 repudisvit
847 2974 987 3028 Solsroeder
1000 2975 1027 3027 in
1038 2975 1108 3026 notis
1122 2992 1172 3027 nec
1183 2976 1226 3026 Bi-

159 3069 233 3127 pont.
246 3068 291 3109 aut
303 3057 382 3108 Both.
394 3057 421 3107 in
433 3053 507 3119 editt.
519 3056 624 3109 Primus
635 3052 732 3108 Baden.
746 3060 848 3120 carmine
860 3055 942 3108 textui
956 3054 1059 3111 intulit,
1072 3051 1146 3124 quosl
1157 3054 1224 3106 mihi
1302 3042 1307 3054 ⁸

157 3149 313 3208 suspectum
324 3148 379 3200 est,
394 3147 424 3186 ut
440 3135 590 3200 alibrario,
605 3147 716 3206 propter
731 3133 849 3206 ejusdem
864 3135 922 3188 soni
933 3133 1151 3204 geminationem,
1164 3153 1222 3184 cass·

159 3215 231 3280 tibus,
239 3215 344 3278 uiribus,
355 3213 492 3268 adscitum.
503 3215 590 3268 Fluxit
601 3215 657 3267 brec
667 3215 747 3267 lectio
758 3214 786 3266 in
796 3227 913 3266 nostram
924 3211 1082 3275 editionem,
1092 3226 1224 3283 utsupra,

158 3313 183 3347 v.
198 3295 271 3361 434,
284 3295 358 3366 objici
368 3313 419 3367 pro
432 3294 503 3360 obici,
518 3295 745 3366 typographorum
759 3311 849 3345 errore
862 3305 888 3345 et
902 3293 1086 3362 intempestiva
1100 3291 1225 3346 Badenici

158 3387 297 3428 contextus
310 3374 465 3428 imitatione.

200 3454 265 3525 ⁵9²·
281 3455 354 3506 Alme
367 3466 451 3506 rector.
466 3453 582 3508 Rotheus
596 3473 628 3508 ex
642 3453 708 3507 edit.
724 3453 807 3506 Caiet.
825 3449 963 3504 contendit
977 3450 1120 3522 legendum
1133 3453 1221 3516 uimoe,

158 3534 220 3604 quia
244 3545 375 3606 «recepto
396 3535 467 3597 alme,
491 3546 544 3587 tres
562 3535 702 3587 continuos
721 3533 879 3586 haberemus
902 3531 1047 3596 trocheus,
1067 3532 1166 3603 quibus
1188 3534 1224 3586 ita

158 3612 344 3666 debilitaretur
358 3632 451 3666 versus
465 3613 597 3679 senarius,
614 3627 645 3666 ut
660 3631 695 3666 ne
706 3611 818 3682 simplex
833 3610 942 3682 quidem
957 3611 1159 3682 ismbographus
1176 3611 1222 3664 ad·

159 3691 319 3746 mittendum
339 3712 399 3746 euru
419 3705 558 3763 putaturus
578 3694 683 3758 suisset,
706 3693 793 3744 multo
814 3692 901 3744 minus
925 3692 1043 3746 ornatior
1064 3693 1226 3763 majorisque

158 3771 285 3844 ponderis
301 3773 413 3844 tragicus
425 3798 448 3826 ι.
464 3773 492 3826 Si
507 3773 624 3826 Rotheus
639 3775 668 3824 in
685 3791 786 3825 summa
802 3772 841 3824 rei
856 3790 910 3824 non
927 3783 1010 3834 estat,
1028 3771 1120 3824 multis
1134 3773 1226 3825 saltem

159 3853 287 3924 exemplis
302 3853 450 3924 premitur,
468 3871 527 3924 quss
542 3870 598 3905 uon
614 3871 647 3905 ex
663 3853 761 3904 Nostro
778 3863 896 3916 tantum,
917 3849 961 3902 sed
982 3869 1013 3903 ex
1032 3869 1085 3904 una
1104 3851 1227 3905 Herculis

158 3931 269 3985 furentis
282 3931 407 4002 trugoedia
423 3951 563 4004 excerpere
577 3933 603 3984 in
619 3944 746 4002 promptu
760 3944 799 3984 est
816 3947 822 3982 τ
838 3930 875 3982 sic
892 3931 919 3982 in
934 3949 1014 3983 serss.
1032 3936 1079 4000 47,
1095 3949 1144 3999 qs,
1158 3933 1226 3996 311,

158 4025 223 4076 etc,
242 4023 292 4066 ete.
311 4011 419 4064 trochaei
436 4013 646 4076 continuentur,
664 4012 700 4064 ita
719 4024 748 4063 ut
767 4023 793 4063 et
808 4011 837 4062 in
852 4011 894 4062 his
909 4011 1069 4080 oportuisset
1089 4011 1227 4082 vulgatum

157 4092 271 4156 mutari,
287 4109 321 4144 ne
337 4089 477 4144 debiliores
493 4092 600 4144 numeri
617 4091 778 4144 viderentur.
798 4090 861 4142 lieo
881 4108 973 4142 amove
991 4090 1106 4154 1111111111,
1124 4103 1152 4143 et
1172 4111 1228 4142 sne·

157 4183 248 4224 mento
264 4190 333 4241 sape
348 4185 491 4224 occurrere
506 4173 532 4223 in
550 4170 771 4224 numerosissimis
785 4169 870 4240 poetis
890 4168 1019 4240 quosdam
1035 4189 1142 4232 sersus,
1160 4189 1227 4240 quos

158 4249 353 4315 emendandos}
373 4252 415 4303 vel
432 4252 557 4303 omnibus
577 4250 651 4303 MSS.
670 4249 885 4310 adversantibus,
899 4248 1017 4320 judices,
1038 4251 1059 4302 si
1079 4251 1225 4302 verborum
