<?xml version="1.0" encoding="UTF-8"?>
<!DOCTYPE html PUBLIC "-//W3C//DTD XHTML 1.0 Transitional//EN"
    "http://www.w3.org/TR/xhtml1/DTD/xhtml1-transitional.dtd">
<html xmlns="http://www.w3.org/1999/xhtml" xml:lang="en" lang="en">
 <head>
  <title>
</title>
<meta http-equiv="Content-Type" content="text/html;charset=utf-8" />
  <meta name='ocr-system' content='tesseract 3.04.00' />
  <meta name='ocr-capabilities' content='ocr_page ocr_carea ocr_par ocr_line ocrx_word'/>
</head>
<body>
  <div class='ocr_page' id='page_1' title='image "./lannsenecparste02piergoog_0036.png"; bbox 0 0 3090 5142; ppageno 0'>
   <div class='ocr_carea' id='block_1_1' title="bbox 479 581 1164 674">
    <p class='ocr_par' dir='ltr' id='par_1_1' title="bbox 479 581 1164 674">
     <span class='ocr_line' id='line_1_1' title="bbox 479 581 1164 674; baseline -0.003 -20"><span class='ocrx_word' id='word_1_1' title='bbox 479 585 785 656; x_wconf 73' lang='lat' dir='ltr'>mssnntano.</span> <span class='ocrx_word' id='word_1_2' title='bbox 1081 581 1164 674; x_wconf 71' lang='lat' dir='ltr'>xxxj</span> 
     </span>
    </p>
   </div>
   <div class='ocr_carea' id='block_1_2' title="bbox 93 703 1167 1551">
    <p class='ocr_par' dir='ltr' id='par_1_2' title="bbox 93 703 1167 1551">
     <span class='ocr_line' id='line_1_2' title="bbox 93 703 1166 790; baseline 0.001 -25"><span class='ocrx_word' id='word_1_3' title='bbox 93 703 276 782; x_wconf 77' lang='lat' dir='ltr'>orationis,</span> <span class='ocrx_word' id='word_1_4' title='bbox 294 719 328 768; x_wconf 85' lang='lat' dir='ltr'>et</span> <span class='ocrx_word' id='word_1_5' title='bbox 347 703 550 772; x_wconf 79' lang='lat' dir='ltr'>sublimitate</span> <span class='ocrx_word' id='word_1_6' title='bbox 566 707 681 786; x_wconf 85' lang='lat' dir='ltr'>vincit,</span> <span class='ocrx_word' id='word_1_7' title='bbox 702 703 744 772; x_wconf 87' lang='lat' dir='ltr'>ad</span> <span class='ocrx_word' id='word_1_8' title='bbox 759 722 944 770; x_wconf 82' lang='lat' dir='ltr'>sermonem</span> <span class='ocrx_word' id='word_1_9' title='bbox 961 725 1066 790; x_wconf 79' lang='lat' dir='ltr'>nsque</span> <span class='ocrx_word' id='word_1_10' title='bbox 1080 703 1166 770; x_wconf 85' lang='lat' dir='ltr'>anti-</span> 
     </span>
     <span class='ocr_line' id='line_1_3' title="bbox 94 806 1167 897; baseline 0.003 -28"><span class='ocrx_word' id='word_1_11' title='bbox 94 827 240 893; x_wconf 84' lang='lat' dir='ltr'>quorum</span> <span class='ocrx_word' id='word_1_12' title='bbox 258 806 439 876; x_wconf 77' lang='lat' dir='ltr'>studiosus.</span> <span class='ocrx_word' id='word_1_13' title='bbox 458 811 552 894; x_wconf 80' lang='lat' dir='ltr'>Quos</span> <span class='ocrx_word' id='word_1_14' title='bbox 573 810 653 878; x_wconf 88' lang='lat' dir='ltr'>dum</span> <span class='ocrx_word' id='word_1_15' title='bbox 673 811 804 876; x_wconf 76' lang='lat' dir='ltr'>Marcus</span> <span class='ocrx_word' id='word_1_16' title='bbox 824 809 955 897; x_wconf 77' lang='lat' dir='ltr'>pnnptia</span> <span class='ocrx_word' id='word_1_17' title='bbox 978 809 1098 873; x_wconf 82' lang='lat' dir='ltr'>virtute</span> <span class='ocrx_word' id='word_1_18' title='bbox 1115 809 1167 874; x_wconf 85' lang='lat' dir='ltr'>sui</span> 
     </span>
     <span class='ocr_line' id='line_1_4' title="bbox 93 912 1167 1004; baseline 0.005 -29"><span class='ocrx_word' id='word_1_19' title='bbox 93 913 253 999; x_wconf 84' lang='lat' dir='ltr'>temporis</span> <span class='ocrx_word' id='word_1_20' title='bbox 265 913 392 978; x_wconf 85' lang='lat' dir='ltr'>anteire</span> <span class='ocrx_word' id='word_1_21' title='bbox 404 932 555 998; x_wconf 86' lang='lat' dir='ltr'>conatur,</span> <span class='ocrx_word' id='word_1_22' title='bbox 563 937 647 1004; x_wconf 72' lang='lat' dir='ltr'>saepe</span> <span class='ocrx_word' id='word_1_23' title='bbox 656 929 783 982; x_wconf 79' lang='lat' dir='ltr'>tantum</span> <span class='ocrx_word' id='word_1_24' title='bbox 797 912 832 981; x_wconf 84' lang='lat' dir='ltr'>fit</span> <span class='ocrx_word' id='word_1_25' title='bbox 845 913 1028 980; x_wconf 77' lang='lat' dir='ltr'>dissimilis:</span> <span class='ocrx_word' id='word_1_26' title='bbox 1041 914 1167 980; x_wconf 82' lang='lat' dir='ltr'>civilem</span> 
     </span>
     <span class='ocr_line' id='line_1_5' title="bbox 94 1017 1165 1108; baseline 0.004 -28"><span class='ocrx_word' id='word_1_27' title='bbox 94 1033 205 1082; x_wconf 83' lang='lat' dir='ltr'>antem</span> <span class='ocrx_word' id='word_1_28' title='bbox 221 1020 278 1082; x_wconf 83' lang='lat' dir='ltr'>vix</span> <span class='ocrx_word' id='word_1_29' title='bbox 302 1022 439 1089; x_wconf 84' lang='lat' dir='ltr'>retinuit</span> <span class='ocrx_word' id='word_1_30' title='bbox 457 1045 642 1088; x_wconf 80' lang='lat' dir='ltr'>sermonem</span> <span class='ocrx_word' id='word_1_31' title='bbox 660 1021 720 1086; x_wconf 89' lang='lat' dir='ltr'>:in</span> <span class='ocrx_word' id='word_1_32' title='bbox 740 1041 808 1108; x_wconf 88' lang='lat' dir='ltr'>quo</span> <span class='ocrx_word' id='word_1_33' title='bbox 824 1017 997 1108; x_wconf 78' lang='lat' dir='ltr'>Euripides</span> <span class='ocrx_word' id='word_1_34' title='bbox 1023 1019 1165 1094; x_wconf 80' lang='lat' dir='ltr'>excellit,</span> 
     </span>
     <span class='ocr_line' id='line_1_6' title="bbox 95 1124 1167 1216; baseline 0.004 -30"><span class='ocrx_word' id='word_1_35' title='bbox 95 1145 300 1210; x_wconf 84' lang='lat' dir='ltr'>quamquam</span> <span class='ocrx_word' id='word_1_36' title='bbox 316 1148 402 1214; x_wconf 82' lang='lat' dir='ltr'>saepe</span> <span class='ocrx_word' id='word_1_37' title='bbox 419 1129 561 1216; x_wconf 77' lang='lat' dir='ltr'>uagieue</span> <span class='ocrx_word' id='word_1_38' title='bbox 578 1128 632 1194; x_wconf 79' lang='lat' dir='ltr'>vix</span> <span class='ocrx_word' id='word_1_39' title='bbox 649 1126 736 1192; x_wconf 87' lang='lat' dir='ltr'>ultra</span> <span class='ocrx_word' id='word_1_40' title='bbox 750 1125 895 1194; x_wconf 82' lang='lat' dir='ltr'>allectus.</span> <span class='ocrx_word' id='word_1_41' title='bbox 916 1124 1044 1192; x_wconf 78' lang='lat' dir='ltr'>Marcus</span> <span class='ocrx_word' id='word_1_42' title='bbox 1070 1126 1167 1190; x_wconf 81' lang='lat' dir='ltr'>luxu-</span> 
     </span>
     <span class='ocr_line' id='line_1_7' title="bbox 96 1229 1167 1320; baseline 0.005 -29"><span class='ocrx_word' id='word_1_43' title='bbox 96 1229 173 1292; x_wconf 84' lang='lat' dir='ltr'>riam</span> <span class='ocrx_word' id='word_1_44' title='bbox 187 1251 260 1294; x_wconf 87' lang='lat' dir='ltr'>non</span> <span class='ocrx_word' id='word_1_45' title='bbox 272 1253 406 1320; x_wconf 79' lang='lat' dir='ltr'>semper</span> <span class='ocrx_word' id='word_1_46' title='bbox 417 1233 545 1316; x_wconf 82' lang='lat' dir='ltr'>vitavit3</span> <span class='ocrx_word' id='word_1_47' title='bbox 557 1235 676 1302; x_wconf 75' lang='lat' dir='ltr'>Lucius</span> <span class='ocrx_word' id='word_1_48' title='bbox 687 1255 766 1300; x_wconf 79' lang='lat' dir='ltr'>veto</span> <span class='ocrx_word' id='word_1_49' title='bbox 778 1233 875 1300; x_wconf 84' lang='lat' dir='ltr'>etiam</span> <span class='ocrx_word' id='word_1_50' title='bbox 889 1232 924 1298; x_wconf 89' lang='lat' dir='ltr'>in</span> <span class='ocrx_word' id='word_1_51' title='bbox 940 1233 1010 1298; x_wconf 78' lang='lat' dir='ltr'>aliie</span> <span class='ocrx_word' id='word_1_52' title='bbox 1025 1233 1167 1320; x_wconf 75' lang='lat' dir='ltr'>castigat.</span> 
     </span>
     <span class='ocr_line' id='line_1_8' title="bbox 97 1333 1043 1427; baseline 0.004 -29"><span class='ocrx_word' id='word_1_53' title='bbox 97 1335 144 1398; x_wconf 85' lang='lat' dir='ltr'>De</span> <span class='ocrx_word' id='word_1_54' title='bbox 156 1333 329 1423; x_wconf 77' lang='lat' dir='ltr'><strong>Polyxena</strong></span> <span class='ocrx_word' id='word_1_55' title='bbox 342 1338 433 1427; x_wconf 88' lang='lat' dir='ltr'>apud</span> <span class='ocrx_word' id='word_1_56' title='bbox 446 1339 609 1405; x_wconf 77' lang='lat' dir='ltr'><strong>Nasonem</strong></span> <span class='ocrx_word' id='word_1_57' title='bbox 625 1337 752 1405; x_wconf 82' lang='lat' dir='ltr'>dicebat</span> <span class='ocrx_word' id='word_1_58' title='bbox 767 1337 920 1418; x_wconf 85' lang='lat' dir='ltr'>Hecuba,</span> <span class='ocrx_word' id='word_1_59' title='bbox 1038 1409 1043 1420; x_wconf 33' lang='lat'><strong>¹</strong></span> 
     </span>
     <span class='ocr_line' id='line_1_9' title="bbox 245 1475 753 1551; baseline 0.004 -22"><span class='ocrx_word' id='word_1_60' title='bbox 245 1511 488 1530; x_wconf 84' lang='lat'><strong>..............</strong></span> <span class='ocrx_word' id='word_1_61' title='bbox 506 1477 577 1532; x_wconf 85' lang='lat' dir='ltr'>Ciuis</span> <span class='ocrx_word' id='word_1_62' title='bbox 587 1478 644 1551; x_wconf 80' lang='lat' dir='ltr'>ipae</span> <span class='ocrx_word' id='word_1_63' title='bbox 658 1475 753 1550; x_wconf 68' lang='lat' dir='ltr'>sepulti</span> 
     </span>
    </p>
   </div>
   <div class='ocr_carea' id='block_1_3' title="bbox 241 1563 1055 1709">
    <p class='ocr_par' dir='ltr' id='par_1_3' title="bbox 241 1563 1055 1709">
     <span class='ocr_line' id='line_1_10' title="bbox 241 1563 1055 1637; baseline -0.004 -19"><span class='ocrx_word' id='word_1_64' title='bbox 241 1563 276 1618; x_wconf 82' lang='lat' dir='ltr'>lu</span> <span class='ocrx_word' id='word_1_65' title='bbox 289 1583 375 1635; x_wconf 74' lang='lat' dir='ltr'>genna</span> <span class='ocrx_word' id='word_1_66' title='bbox 387 1563 439 1620; x_wconf 73' lang='lat' dir='ltr'>noe</span> <span class='ocrx_word' id='word_1_67' title='bbox 453 1567 547 1622; x_wconf 68' lang='lat' dir='ltr'>navit:</span> <span class='ocrx_word' id='word_1_68' title='bbox 561 1566 667 1620; x_wconf 84' lang='lat' dir='ltr'>tumulo</span> <span class='ocrx_word' id='word_1_69' title='bbox 679 1581 786 1637; x_wconf 80' lang='lat' dir='ltr'>qnoque</span> <span class='ocrx_word' id='word_1_70' title='bbox 798 1566 929 1619; x_wconf 77' lang='lat' dir='ltr'>aemimnt</span> <span class='ocrx_word' id='word_1_71' title='bbox 942 1563 1055 1618; x_wconf 72' lang='lat' dir='ltr'>hatten.</span> 
     </span>
     <span class='ocr_line' id='line_1_11' title="bbox 243 1650 561 1709; baseline 0 -3"><span class='ocrx_word' id='word_1_72' title='bbox 243 1650 367 1706; x_wconf 72' lang='lat' dir='ltr'>AEantde</span> <span class='ocrx_word' id='word_1_73' title='bbox 379 1652 502 1709; x_wconf 80' lang='lat' dir='ltr'>foecuuda</span> <span class='ocrx_word' id='word_1_74' title='bbox 513 1653 561 1708; x_wconf 82' lang='lat' dir='ltr'>tui.</span> 
     </span>
    </p>
   </div>
   <div class='ocr_carea' id='block_1_4' title="bbox 99 1795 785 1890">
    <p class='ocr_par' dir='ltr' id='par_1_4' title="bbox 99 1795 785 1890">
     <span class='ocr_line' id='line_1_12' title="bbox 99 1795 785 1890; baseline 0.007 -31"><span class='ocrx_word' id='word_1_75' title='bbox 99 1795 135 1860; x_wconf 90' lang='lat' dir='ltr'>ld</span> <span class='ocrx_word' id='word_1_76' title='bbox 153 1815 291 1864; x_wconf 82' lang='lat' dir='ltr'>secutus</span> <span class='ocrx_word' id='word_1_77' title='bbox 310 1817 359 1864; x_wconf 88' lang='lat' dir='ltr'>est</span> <span class='ocrx_word' id='word_1_78' title='bbox 376 1801 449 1876; x_wconf 88' lang='lat' dir='ltr'>ille,</span> <span class='ocrx_word' id='word_1_79' title='bbox 469 1801 524 1865; x_wconf 85' lang='lat' dir='ltr'>sed</span> <span class='ocrx_word' id='word_1_80' title='bbox 540 1817 579 1866; x_wconf 91' lang='lat' dir='ltr'>ut</span> <span class='ocrx_word' id='word_1_81' title='bbox 596 1803 785 1890; x_wconf 79' lang='lat' dir='ltr'><strong>castigaret:</strong></span> 
     </span>
    </p>
   </div>
   <div class='ocr_carea' id='block_1_5' title="bbox 242 1931 940 2179">
    <p class='ocr_par' dir='ltr' id='par_1_5' title="bbox 242 1931 940 2179">
     <span class='ocr_line' id='line_1_13' title="bbox 243 1931 857 2006; baseline 0.002 -23"><span class='ocrx_word' id='word_1_82' title='bbox 243 1931 341 1985; x_wconf 74' lang='lat' dir='ltr'>Adhuc</span> <span class='ocrx_word' id='word_1_83' title='bbox 351 1931 469 1986; x_wconf 75' lang='lat' dir='ltr'>Achillea</span> <span class='ocrx_word' id='word_1_84' title='bbox 480 1933 542 1986; x_wconf 79' lang='lat' dir='ltr'>vivit</span> <span class='ocrx_word' id='word_1_85' title='bbox 555 1933 584 1986; x_wconf 91' lang='lat' dir='ltr'>in</span> <span class='ocrx_word' id='word_1_86' title='bbox 598 1951 687 2006; x_wconf 77' lang='lat' dir='ltr'>poenns</span> <span class='ocrx_word' id='word_1_87' title='bbox 698 1932 857 2006; x_wconf 77' lang='lat' dir='ltr'><strong>Phrygum?</strong></span> 
     </span>
     <span class='ocr_line' id='line_1_14' title="bbox 242 2017 873 2074; baseline -0.005 -1"><span class='ocrx_word' id='word_1_88' title='bbox 242 2019 340 2074; x_wconf 74' lang='lat' dir='ltr'>Adhuc</span> <span class='ocrx_word' id='word_1_89' title='bbox 348 2019 482 2073; x_wconf 83' lang='lat' dir='ltr'>rebellat?</span> <span class='ocrx_word' id='word_1_90' title='bbox 497 2021 522 2074; x_wconf 92' lang='grc' dir='ltr'>Ο</span> <span class='ocrx_word' id='word_1_91' title='bbox 535 2037 642 2074; x_wconf 84' lang='lat' dir='ltr'>manum</span> <span class='ocrx_word' id='word_1_92' title='bbox 655 2017 758 2072; x_wconf 71' lang='lat' dir='ltr'>Paridis</span> <span class='ocrx_word' id='word_1_93' title='bbox 771 2020 873 2073; x_wconf 85' lang='lat' dir='ltr'>levem!</span> 
     </span>
     <span class='ocr_line' id='line_1_15' title="bbox 242 2105 940 2179; baseline -0.001 -21"><span class='ocrx_word' id='word_1_94' title='bbox 242 2105 321 2160; x_wconf 75' lang='lat' dir='ltr'>cinit</span> <span class='ocrx_word' id='word_1_95' title='bbox 333 2109 391 2179; x_wconf 82' lang='lat' dir='ltr'>ipee</span> <span class='ocrx_word' id='word_1_96' title='bbox 401 2119 523 2161; x_wconf 68' lang='lat' dir='ltr'>nastrum</span> <span class='ocrx_word' id='word_1_97' title='bbox 536 2105 692 2179; x_wconf 73' lang='lat' dir='ltr'>sanguinent</span> <span class='ocrx_word' id='word_1_98' title='bbox 706 2125 737 2160; x_wconf 80' lang='lat' dir='ltr'>ac</span> <span class='ocrx_word' id='word_1_99' title='bbox 748 2107 868 2159; x_wconf 71' lang='lat' dir='ltr'>tumulus</span> <span class='ocrx_word' id='word_1_100' title='bbox 879 2105 940 2159; x_wconf 80' lang='lat' dir='ltr'>aitit.</span> 
     </span>
    </p>
   </div>
   <div class='ocr_carea' id='block_1_6' title="bbox 102 2279 1268 3006">
    <p class='ocr_par' dir='ltr' id='par_1_6' title="bbox 102 2279 1268 3006">
     <span class='ocr_line' id='line_1_16' title="bbox 103 2279 1168 2370; baseline -0.004 -24"><span class='ocrx_word' id='word_1_101' title='bbox 103 2280 185 2346; x_wconf 82' lang='lat' dir='ltr'>Nam</span> <span class='ocrx_word' id='word_1_102' title='bbox 201 2297 237 2346; x_wconf 89' lang='lat' dir='ltr'>et</span> <span class='ocrx_word' id='word_1_103' title='bbox 253 2283 386 2348; x_wconf 78' lang='lat' dir='ltr'>variavit</span> <span class='ocrx_word' id='word_1_104' title='bbox 401 2282 493 2370; x_wconf 72' lang='lat' dir='ltr'>quod</span> <span class='ocrx_word' id='word_1_105' title='bbox 516 2281 611 2364; x_wconf 83' lang='lat' dir='ltr'>dixit,</span> <span class='ocrx_word' id='word_1_106' title='bbox 629 2281 721 2357; x_wconf 75' lang='lat' dir='ltr'>et&#39;ad</span> <span class='ocrx_word' id='word_1_107' title='bbox 737 2279 991 2361; x_wconf 73' lang='lat' dir='ltr'>vehementiam,</span> <span class='ocrx_word' id='word_1_108' title='bbox 1015 2280 1168 2348; x_wconf 73' lang='lat' dir='ltr'>orationis</span> 
     </span>
     <span class='ocr_line' id='line_1_17' title="bbox 104 2381 1169 2474; baseline -0.004 -24"><span class='ocrx_word' id='word_1_109' title='bbox 104 2383 241 2474; x_wconf 77' lang='lat' dir='ltr'>figuram</span> <span class='ocrx_word' id='word_1_110' title='bbox 255 2385 390 2450; x_wconf 86' lang='lat' dir='ltr'>addidit.</span> <span class='ocrx_word' id='word_1_111' title='bbox 405 2388 600 2464; x_wconf 77' lang='lat' dir='ltr'>Etservatit</span> <span class='ocrx_word' id='word_1_112' title='bbox 615 2385 706 2474; x_wconf 88' lang='lat' dir='ltr'>quod</span> <span class='ocrx_word' id='word_1_113' title='bbox 719 2385 898 2466; x_wconf 76' lang='lat' dir='ltr'>eminebat,</span> <span class='ocrx_word' id='word_1_114' title='bbox 911 2401 946 2450; x_wconf 85' lang='lat' dir='ltr'>et</span> <span class='ocrx_word' id='word_1_115' title='bbox 954 2382 1064 2462; x_wconf 77' lang='lat' dir='ltr'>rejecit</span> <span class='ocrx_word' id='word_1_116' title='bbox 1079 2381 1169 2471; x_wconf 89' lang='lat' dir='ltr'>qnod</span> 
     </span>
     <span class='ocr_line' id='line_1_18' title="bbox 102 2489 1168 2573; baseline 0.002 -19"><span class='ocrx_word' id='word_1_117' title='bbox 102 2491 301 2556; x_wconf 78' lang='lat' dir='ltr'>abundabat.</span> <span class='ocrx_word' id='word_1_118' title='bbox 326 2491 424 2558; x_wconf 83' lang='lat' dir='ltr'>Aliud</span> <span class='ocrx_word' id='word_1_119' title='bbox 442 2507 492 2558; x_wconf 79' lang='lat' dir='ltr'>est</span> <span class='ocrx_word' id='word_1_120' title='bbox 506 2493 594 2556; x_wconf 85' lang='lat' dir='ltr'>enim</span> <span class='ocrx_word' id='word_1_121' title='bbox 615 2491 789 2573; x_wconf 75' lang='lat' dir='ltr'>rebellare,</span> <span class='ocrx_word' id='word_1_122' title='bbox 815 2489 902 2556; x_wconf 83' lang='lat' dir='ltr'>aliud</span> <span class='ocrx_word' id='word_1_123' title='bbox 919 2489 1027 2558; x_wconf 80' lang='lat' dir='ltr'>adhuc</span> <span class='ocrx_word' id='word_1_124' title='bbox 1043 2491 1168 2570; x_wconf 78' lang='lat' dir='ltr'>vivere,</span> 
     </span>
     <span class='ocr_line' id='line_1_19' title="bbox 102 2597 1171 2688; baseline -0.002 -26"><span class='ocrx_word' id='word_1_125' title='bbox 102 2597 190 2662; x_wconf 83' lang='lat' dir='ltr'>aliud</span> <span class='ocrx_word' id='word_1_126' title='bbox 205 2615 286 2687; x_wconf 81' lang='lat' dir='ltr'>post</span> <span class='ocrx_word' id='word_1_127' title='bbox 300 2599 428 2664; x_wconf 88' lang='lat' dir='ltr'>obitum</span> <span class='ocrx_word' id='word_1_128' title='bbox 447 2600 638 2688; x_wconf 82' lang='lat' dir='ltr'>sanguinem</span> <span class='ocrx_word' id='word_1_129' title='bbox 657 2599 754 2665; x_wconf 78' lang='lat' dir='ltr'>sitire.</span> <span class='ocrx_word' id='word_1_130' title='bbox 780 2598 855 2665; x_wconf 91' lang='lat' dir='ltr'>Duo</span> <span class='ocrx_word' id='word_1_131' title='bbox 867 2598 984 2686; x_wconf 71' lang='lat' dir='ltr'>¹priora</span> <span class='ocrx_word' id='word_1_132' title='bbox 1002 2597 1099 2664; x_wconf 85' lang='lat' dir='ltr'>etiam</span> <span class='ocrx_word' id='word_1_133' title='bbox 1122 2597 1171 2660; x_wconf 86' lang='lat' dir='ltr'>in·</span> 
     </span>
     <span class='ocr_line' id='line_1_20' title="bbox 104 2701 1170 2793; baseline 0 -27"><span class='ocrx_word' id='word_1_134' title='bbox 104 2703 405 2793; x_wconf 76' lang='lat' dir='ltr'>terrogandozquae</span> <span class='ocrx_word' id='word_1_135' title='bbox 421 2713 605 2784; x_wconf 60' lang='lat' dir='ltr'>zueveltun</span> <span class='ocrx_word' id='word_1_136' title='bbox 620 2701 974 2783; x_wconf 54' lang='lat' dir='ltr'>efficiuutsermonem</span> <span class='ocrx_word' id='word_1_137' title='bbox 984 2715 1019 2768; x_wconf 85' lang='lat' dir='ltr'>et</span> <span class='ocrx_word' id='word_1_138' title='bbox 1032 2702 1170 2770; x_wconf 80' lang='lat' dir='ltr'>formam</span> 
     </span>
     <span class='ocr_line' id='line_1_21' title="bbox 103 2806 1170 2901; baseline -0.001 -30"><span class='ocrx_word' id='word_1_139' title='bbox 103 2808 291 2878; x_wconf 80' lang='lat' dir='ltr'>immutant.</span> <span class='ocrx_word' id='word_1_140' title='bbox 319 2813 359 2876; x_wconf 90' lang='lat' dir='ltr'>ln</span> <span class='ocrx_word' id='word_1_141' title='bbox 385 2833 453 2901; x_wconf 86' lang='lat' dir='ltr'>quo</span> <span class='ocrx_word' id='word_1_142' title='bbox 477 2810 623 2878; x_wconf 81' lang='lat' dir='ltr'>Marcum</span> <span class='ocrx_word' id='word_1_143' title='bbox 647 2825 772 2900; x_wconf 81' lang='lat' dir='ltr'>patrem</span> <span class='ocrx_word' id='word_1_144' title='bbox 789 2824 859 2875; x_wconf 57' lang='lat' dir='ltr'>esti</span> <span class='ocrx_word' id='word_1_145' title='bbox 878 2824 1028 2890; x_wconf 79' lang='lat' dir='ltr'>secutus,</span> <span class='ocrx_word' id='word_1_146' title='bbox 1053 2806 1170 2894; x_wconf 83' lang='lat' dir='ltr'>quiin</span> 
     </span>
     <span class='ocr_line' id='line_1_22' title="bbox 103 2911 1268 3006; baseline -0.004 -26"><span class='ocrx_word' id='word_1_147' title='bbox 103 2915 341 2982; x_wconf 75' lang='lat' dir='ltr'>eonnoversiis</span> <span class='ocrx_word' id='word_1_148' title='bbox 358 2917 533 3006; x_wconf 70' lang='lat' dir='ltr'>pruiverat.</span> <span class='ocrx_word' id='word_1_149' title='bbox 555 2916 606 2983; x_wconf 92' lang='lat' dir='ltr'>lbi</span> <span class='ocrx_word' id='word_1_150' title='bbox 622 2917 709 2983; x_wconf 87' lang='lat' dir='ltr'>enim</span> <span class='ocrx_word' id='word_1_151' title='bbox 725 2914 766 2983; x_wconf 85' lang='lat' dir='ltr'>de</span> <span class='ocrx_word' id='word_1_152' title='bbox 783 2915 848 2980; x_wconf 82' lang='lat' dir='ltr'>hoe</span> <span class='ocrx_word' id='word_1_153' title='bbox 864 2915 937 2980; x_wconf 80' lang='lat' dir='ltr'>luno</span> <span class='ocrx_word' id='word_1_154' title='bbox 952 2914 996 2978; x_wconf 81' lang='lat' dir='ltr'>ait</span> <span class='ocrx_word' id='word_1_155' title='bbox 1011 2936 1019 2980; x_wconf 79' lang='lat' dir='ltr'>t</span> <span class='ocrx_word' id='word_1_156' title='bbox 1037 2913 1171 2995; x_wconf 80' lang='lat' dir='ltr'>«Quum</span> <span class='ocrx_word' id='word_1_157' title='bbox 1262 2911 1268 2922; x_wconf 82' lang='lat'>&#39;</span> 
     </span>
    </p>
   </div>
   <div class='ocr_carea' id='block_1_7' title="bbox 104 3016 1173 3210">
    <p class='ocr_par' dir='ltr' id='par_1_7' title="bbox 104 3016 1173 3210">
     <span class='ocr_line' id='line_1_23' title="bbox 104 3016 1173 3110; baseline -0.003 -26"><span class='ocrx_word' id='word_1_158' title='bbox 104 3019 271 3110; x_wconf 73' lang='lat' dir='ltr'>Polyxena</span> <span class='ocrx_word' id='word_1_159' title='bbox 288 3037 372 3088; x_wconf 75' lang='lat' dir='ltr'>esset</span> <span class='ocrx_word' id='word_1_160' title='bbox 386 3022 543 3103; x_wconf 82' lang='lat' dir='ltr'>abducta,</span> <span class='ocrx_word' id='word_1_161' title='bbox 562 3037 600 3088; x_wconf 87' lang='lat' dir='ltr'>ut</span> <span class='ocrx_word' id='word_1_162' title='bbox 612 3021 653 3086; x_wconf 91' lang='lat' dir='ltr'>ad</span> <span class='ocrx_word' id='word_1_163' title='bbox 669 3021 832 3086; x_wconf 87' lang='lat' dir='ltr'>tumulum</span> <span class='ocrx_word' id='word_1_164' title='bbox 850 3020 981 3088; x_wconf 76' lang='lat' dir='ltr'>Achillis</span> <span class='ocrx_word' id='word_1_165' title='bbox 995 3016 1173 3086; x_wconf 84' lang='lat' dir='ltr'>immolare·</span> 
     </span>
     <span class='ocr_line' id='line_1_24' title="bbox 106 3127 438 3210; baseline 0.006 -20"><span class='ocrx_word' id='word_1_166' title='bbox 106 3141 168 3210; x_wconf 85' lang='lat' dir='ltr'>tur,</span> <span class='ocrx_word' id='word_1_167' title='bbox 184 3128 325 3194; x_wconf 82' lang='lat' dir='ltr'>Hecuba</span> <span class='ocrx_word' id='word_1_168' title='bbox 339 3127 438 3209; x_wconf 84' lang='lat' dir='ltr'>dixit,</span> 
     </span>
    </p>
   </div>
   <div class='ocr_carea' id='block_1_8' title="bbox 247 3267 777 3427">
    <p class='ocr_par' dir='ltr' id='par_1_8' title="bbox 247 3267 777 3427">
     <span class='ocr_line' id='line_1_25' title="bbox 252 3267 777 3338; baseline -0.002 -17"><span class='ocrx_word' id='word_1_169' title='bbox 252 3303 510 3321; x_wconf 83' lang='grc'><strong>...............</strong></span> <span class='ocrx_word' id='word_1_170' title='bbox 528 3267 601 3320; x_wconf 78' lang='lat' dir='ltr'>Cinia</span> <span class='ocrx_word' id='word_1_171' title='bbox 613 3267 669 3338; x_wconf 79' lang='lat' dir='ltr'>ipae</span> <span class='ocrx_word' id='word_1_172' title='bbox 681 3267 777 3334; x_wconf 72' lang='lat' dir='ltr'>sepulti</span> 
     </span>
     <span class='ocr_line' id='line_1_26' title="bbox 247 3354 538 3427; baseline 0.007 -17"><span class='ocrx_word' id='word_1_173' title='bbox 247 3356 283 3410; x_wconf 83' lang='lat' dir='ltr'>ln</span> <span class='ocrx_word' id='word_1_174' title='bbox 294 3371 379 3427; x_wconf 69' lang='lat' dir='ltr'>genn·</span> <span class='ocrx_word' id='word_1_175' title='bbox 392 3355 444 3410; x_wconf 81' lang='lat' dir='ltr'>hoe</span> <span class='ocrx_word' id='word_1_176' title='bbox 457 3354 538 3412; x_wconf 79' lang='lat' dir='ltr'>mit</span> 
     </span>
    </p>
   </div>
   <div class='ocr_carea' id='block_1_9' title="bbox 101 3500 765 3582">
    <p class='ocr_par' dir='ltr' id='par_1_9' title="bbox 101 3500 765 3582">
     <span class='ocr_line' id='line_1_27' title="bbox 101 3500 765 3582; baseline -0.002 -16"><span class='ocrx_word' id='word_1_177' title='bbox 101 3503 238 3568; x_wconf 85' lang='lat' dir='ltr'>Poterat</span> <span class='ocrx_word' id='word_1_178' title='bbox 252 3503 318 3567; x_wconf 90' lang='lat' dir='ltr'>hoc</span> <span class='ocrx_word' id='word_1_179' title='bbox 334 3517 508 3568; x_wconf 73' lang='lat' dir='ltr'>contentus</span> <span class='ocrx_word' id='word_1_180' title='bbox 525 3525 594 3566; x_wconf 80' lang='lat' dir='ltr'>ease</span> <span class='ocrx_word' id='word_1_181' title='bbox 609 3525 617 3565; x_wconf 95' lang='lat'><strong>:</strong></span> <span class='ocrx_word' id='word_1_182' title='bbox 630 3500 765 3582; x_wconf 87' lang='lat' dir='ltr'>adjecit,</span> 
     </span>
    </p>
   </div>
   <div class='ocr_carea' id='block_1_10' title="bbox 254 3629 947 3702">
    <p class='ocr_par' dir='ltr' id='par_1_10' title="bbox 254 3629 947 3702">
     <span class='ocr_line' id='line_1_28' title="bbox 254 3629 947 3702; baseline -0.001 -17"><span class='ocrx_word' id='word_1_183' title='bbox 254 3669 439 3686; x_wconf 87' lang='grc'><strong>...........</strong></span> <span class='ocrx_word' id='word_1_184' title='bbox 454 3630 557 3684; x_wconf 82' lang='lat' dir='ltr'>tu&#39;mulo</span> <span class='ocrx_word' id='word_1_185' title='bbox 572 3647 680 3702; x_wconf 85' lang='lat' dir='ltr'>quoque</span> <span class='ocrx_word' id='word_1_186' title='bbox 695 3629 823 3682; x_wconf 70' lang='lat' dir='ltr'>sensimus</span> <span class='ocrx_word' id='word_1_187' title='bbox 834 3629 947 3684; x_wconf 72' lang='lat' dir='ltr'>hostem.</span> 
     </span>
    </p>
   </div>
   <div class='ocr_carea' id='block_1_11' title="bbox 104 3788 605 3984">
    <p class='ocr_par' dir='ltr' id='par_1_11' title="bbox 104 3788 605 3984">
     <span class='ocr_line' id='line_1_29' title="bbox 104 3788 605 3870; baseline -0.01 -14"><span class='ocrx_word' id='word_1_188' title='bbox 104 3793 172 3857; x_wconf 83' lang='lat' dir='ltr'>Nee</span> <span class='ocrx_word' id='word_1_189' title='bbox 188 3793 256 3858; x_wconf 91' lang='lat' dir='ltr'>hoc</span> <span class='ocrx_word' id='word_1_190' title='bbox 280 3805 455 3856; x_wconf 79' lang='lat' dir='ltr'>contentus</span> <span class='ocrx_word' id='word_1_191' title='bbox 471 3788 605 3870; x_wconf 82' lang='lat' dir='ltr'>adjecit,</span> 
     </span>
     <span class='ocr_line' id='line_1_30' title="bbox 250 3925 569 3984; baseline -0.025 0"><span class='ocrx_word' id='word_1_192' title='bbox 250 3925 370 3984; x_wconf 70' lang='lat' dir='ltr'>AEacid·</span> <span class='ocrx_word' id='word_1_193' title='bbox 383 3925 506 3981; x_wconf 80' lang='lat' dir='ltr'>loeennda</span> <span class='ocrx_word' id='word_1_194' title='bbox 521 3927 569 3979; x_wconf 82' lang='lat' dir='ltr'>fui.</span> 
     </span>
    </p>
   </div>
   <div class='ocr_carea' id='block_1_12' title="bbox 104 4066 1180 4156">
    <p class='ocr_par' dir='ltr' id='par_1_12' title="bbox 104 4066 1180 4156">
     <span class='ocr_line' id='line_1_31' title="bbox 104 4066 1180 4156; baseline -0.009 -16"><span class='ocrx_word' id='word_1_195' title='bbox 104 4075 221 4140; x_wconf 77' lang='lat' dir='ltr'>Aiebat</span> <span class='ocrx_word' id='word_1_196' title='bbox 232 4087 345 4139; x_wconf 86' lang='lat' dir='ltr'>autem</span> <span class='ocrx_word' id='word_1_197' title='bbox 356 4072 497 4136; x_wconf 78' lang='lat' dir='ltr'>Scaurus</span> <span class='ocrx_word' id='word_1_198' title='bbox 506 4091 575 4134; x_wconf 84' lang='lat' dir='ltr'>tem</span> <span class='ocrx_word' id='word_1_199' title='bbox 586 4083 694 4134; x_wconf 80' lang='lat' dir='ltr'>veram</span> <span class='ocrx_word' id='word_1_200' title='bbox 706 4093 714 4133; x_wconf 91' lang='lat'>:</span> <span class='ocrx_word' id='word_1_201' title='bbox 724 4090 811 4132; x_wconf 67' lang='lat' dir='ltr'>anon</span> <span class='ocrx_word' id='word_1_202' title='bbox 827 4070 935 4134; x_wconf 84' lang='lat' dir='ltr'>minus</span> <span class='ocrx_word' id='word_1_203' title='bbox 952 4086 1101 4156; x_wconf 82' lang='lat' dir='ltr'>magnam</span> <span class='ocrx_word' id='word_1_204' title='bbox 1113 4066 1180 4131; x_wconf 81' lang='lat' dir='ltr'>vit·</span> 
     </span>
    </p>
   </div>
   <div class='ocr_carea' id='block_1_13' title="bbox 105 4171 1180 4348">
    <p class='ocr_par' dir='ltr' id='par_1_13' title="bbox 105 4171 1180 4348">
     <span class='ocr_line' id='line_1_32' title="bbox 105 4171 1180 4284; baseline -0.009 -38"><span class='ocrx_word' id='word_1_205' title='bbox 105 4196 209 4246; x_wconf 81' lang='lat' dir='ltr'>tutem</span> <span class='ocrx_word' id='word_1_206' title='bbox 227 4201 323 4261; x_wconf 76' lang='lat' dir='ltr'>esse,</span> <span class='ocrx_word' id='word_1_207' title='bbox 341 4178 429 4242; x_wconf 85' lang='lat' dir='ltr'>bene</span> <span class='ocrx_word' id='word_1_208' title='bbox 445 4175 591 4242; x_wconf 84' lang='lat' dir='ltr'>desinere</span> <span class='ocrx_word' id='word_1_209' title='bbox 608 4197 708 4284; x_wconf 64' lang='lat' dir='ltr'>quant</span> <span class='ocrx_word' id='word_1_210' title='bbox 724 4175 801 4240; x_wconf 79' lang='lat' dir='ltr'>scite</span> <span class='ocrx_word' id='word_1_211' title='bbox 818 4174 960 4240; x_wconf 76' lang='lat' dir='ltr'>dicere.»</span> <span class='ocrx_word' id='word_1_212' title='bbox 978 4171 1078 4238; x_wconf 84' lang='lat' dir='ltr'>Marci</span> <span class='ocrx_word' id='word_1_213' title='bbox 1096 4193 1180 4259; x_wconf 85' lang='lat' dir='ltr'>quo·</span> 
     </span>
     <span class='ocr_line' id='line_1_33' title="bbox 968 4277 1007 4348; baseline 0 -20"><span class='ocrx_word' id='word_1_214' title='bbox 968 4277 1007 4348; x_wconf 67' lang='lat' dir='ltr'>bl</span> 
     </span>
    </p>
   </div>
   <div class='ocr_carea' id='block_1_14' title="bbox 0 0 1568 5142">
    <p class='ocr_par' dir='ltr' id='par_1_14' title="bbox 0 0 1568 5142">
     <span class='ocr_line' id='line_1_34' title="bbox 0 0 1568 5142; baseline 0 0"><span class='ocrx_word' id='word_1_215' title='bbox 0 0 1568 5142; x_wconf 95' lang='lat' dir='ltr'> </span> 
     </span>
    </p>
   </div>
  </div>
 </body>
</html>
