3210 5140
455 499 963 570 sutmsovrnssouas,
1170 497 1239 593 107

176 625 267 680 num.»
277 625 392 690 Quintil.
407 626 523 682 Deelsm
537 629 566 694 I,
578 645 603 681 c.
620 647 651 682 ιο
664 648 671 681 t
685 629 728 684 Sic
740 649 797 700 ergo
808 629 907 682 libeurit
919 647 1013 679 manum
1025 645 1111 690 eoerur,
1126 639 1153 679 ut
1167 631 1242 697 issem

174 711 283 777 protinus
297 705 385 772 [Μ
401 707 513 760 animm.
532 708 601 762 Plln.
621 709 690 775 XII,
710 711 745 763 2⁵
765 728 772 762 t
789 709 918 762 laetiensis
932 725 1015 760 manus
1035 707 1137 760 libretur
1155 710 1244 758 aetites

178 797 366 857 umpersmssso.

220 865 284 920 ns.
297 864 476 935 Mammajaa
488 879 559 928 sunt,
575 879 626 922 ete.
641 867 692 922 llic
702 883 795 922 versus
805 879 832 922 et
844 867 890 938 qui
905 867 1026 938 requitur
1034 857 1181 919 occnmmt
1190 865 1244 918 hoc

177 945 237 998 loco
253 945 281 996 in
294 944 417 998 Mclisseo
431 945 529 1015 Lipsii‚
542 945 679 1001 Orteliano
691 947 882 1019 llaphelenpii,
895 944 1066 1016 Millsngieno
1077 944 1174 1008 Delrii,
1183 945 1243 996 Flo·

178 1023 286 1078 rentino
300 1022 447 1090 Grunorii,
463 1035 491 1078 et
508 1024 601 1080 codice
616 1027 698 1080 Paris.
714 1028 791 1089 sess
809 1043 815 1079 t
833 1024 879 1080 sed
896 1026 923 1078 in
940 1024 1040 1080 ceteris
1054 1023 1129 1078 MSS.
1146 1023 1243 1076 neuris

178 1115 225 1158 ant
234 1100 422 1158 desiderantur
434 1116 480 1158 aut
492 1104 545 1158 elio
556 1107 676 1160 transisti
686 1117 763 1171 snnt;
775 1123 892 1178 quornm
904 1104 980 1176 prior
991 1105 1020 1157 in
1034 1103 1171 1158 mnullis
1180 1115 1244 1172 post

179 1202 207 1236 v.
224 1184 276 1251 89,
294 1183 323 1236 in
340 1183 463 1254 pluribus
479 1196 538 1256 post
553 1203 578 1238 r.
593 1187 644 1247 82,
658 1186 772 1240 insertus
790 1185 992 1256 est;.posterior
1008 1195 1096 1238 autem
1111 1199 1244 1252 nusquam

179 1261 291 1332 legitur,
303 1263 355 1316 cisi
364 1261 440 1334 ,quod
448 1264 476 1315 in
489 1262 564 1318 Mss.
578 1265 651 1319 8032
663 1277 691 1318 et
704 1263 775 1318 803³
785 1303 793 1330 ,
805 1283 867 1318 cum
877 1264 1011 1325 Movenda,
1025 1275 1092 1324 etc,
1104 1261 1192 1315 vaani
1205 1263 1240 1314 82

179 1341 348 1412 supponitur.
367 1339 411 1396 sd
427 1343 615 1415 plerorumque
631 1343 709 1400 MSS.
726 1342 942 1407 similitudinem,
961 1353 1063 1396 reseres
1080 1339 1142 1394 edd.
1157 1341 1242 1393 ‘llern

179 1419 279 1476 lsuard.
295 1419 383 1492 AEqid.
397 1422 466 1476 Phil.
479 1423 586 1476 Ascens.
600 1419 694 1478 Arent.
707 1441 813 1478 versum
829 1423 880 1476 sal
890 1461 898 1488 ,
910 1424 1037 1492 &rogato
1049 1421 1143 1483 altero,
1156 1419 1244 1472 versui

183 1503 219 1568 89
234 1501 409 1572 subjecerant.
421 1501 530 1572 Lipsius
539 1515 642 1566 snmus,
655 1517 686 1558 nt
699 1503 831 1563 sincerum
844 1503 1017 1571 nstivumque
1028 1499 1158 1553 sermonis
1169 1497 1244 1551 ordi·

181 1597 243 1632 nem
253 1579 522 1646 instauraret,codice
530 1600 581 1636 sno
590 1583 753 1654 ceteroquin
762 1583 858 1645 iretur,
871 1599 976 1635 aarum
989 1579 1042 1634 123
1050 1577 1084 1632 ad
1093 1577 1246 1650 propriam,

180 1677 263 1730 qnam
275 1672 362 1716 uruat
377 1658 481 1725 ulline,
495 1659 585 1714 sedem
598 1661 715 1734 redegit,
731 1675 758 1718 et
771 1673 940 1732 sequentem,
954 1677 1034 1730 quem
1046 1659 1133 1712 ceteri
1149 1658 1245 1710 omise-

180 1751 260 1804 rant,
276 1740 403 1794 restituit.
420 1739 495 1793 llanc
513 1738 714 1813 dispositionem
731 1741 856 1814 probavit
873 1738 1070 1812 Raphelengins
1086 1749 1112 1790 et
1126 1738 1154 1789 in
1171 1748 1244 1790 textu

182 1836 231 1872 suo
246 1817 378 1872 adhibuit.
395 1818 573 1874 Commelinus
585 1819 693 1892 quidem
708 1818 742 1874 ad
754 1820 898 1892 pristinum
911 1837 1029 1872 errorem
1041 1833 1173 1886 regressus
1186 1827 1225 1868 est
1238 1833 1244 1867 :

182 1896 228 1952 setl
242 1916 335 1952 omnes
345 1898 390 1952 alii
398 1897 520 1970 lipsium
531 1900 775 1972 etllaphelengium
783 1899 865 1953 menti
874 1910 948 1963 sunt,
958 1898 1025 1952 moti
1035 1895 1182 1967 presertim
1191 1913 1247 1948 me·

182 1977 276 2032 niiests
285 1995 377 2030 rernm
390 1979 546 2049 cognatione
559 1997 566 2031 :
579 1997 641 2032 nam
650 1978 680 2032 id
689 1979 748 2032 lieri
759 1979 868 2051 nequit,
878 1977 930 2030 uisi
945 1977 1032 2031 subite
1042 1988 1069 2028 et
1077 1974 1176 2028 infelici
1189 1991 1248 2026 sen·

183 2075 227 2110 sus
241 2056 453 2122 intermissione,
464 2069 494 2110 ut
503 2059 554 2112 laos
568 2075 661 2112 versus
671 2057 759 2112 medio
773 2058 889 2111 sermoni
906 2057 1073 2126 interponas;
1084 2065 1145 2124 epte
1160 2064 1248 2106 antem

184 2134 218 2190 sd
230 2147 382 2190 amomum
393 2137 521 2191 metionis
533 2149 694 2202 occur-runt,
707 2137 838 2192 destinato
846 2135 921 2207 quusi
931 2137 1006 2199 locu,
1018 2137 1087 2205 juste
1100 2130 1207 2186 dicendi
1215 2131 1249 2184 li·

184 2215 238 2281 uis,
247 2228 275 2269 et
285 2214 407 2272 debitum
421 2234 505 2270 scenas
515 2217 749 2288 complementum.

227 2294 292 2350 1²5.
303 2295 361 2348 Just
373 2315 430 2348 rurs
444 2300 541 2349 meane.
556 2297 589 2349 ln
605 2293 732 2350 tredecim
745 2293 822 2348 MSS.
836 2294 917 2348 Paris.
932 2292 1027 2366 incipit
1039 2291 1163 2344 chorusa
1184 2291 1248 2342 Tur·

185 2373 249 2438 bisse,
263 2387 313 2429 etc.
328 2374 470 2446 prioraque
483 2374 572 2429 omnia
583 2395 598 2430 ι
611 2395 637 2428 r.
653 2375 706 2430 ssi
720 2373 753 2428 ad
767 2394 792 2428 a.
811 2378 863 2427 162
876 2373 1021 2432 deliciunt,
1034 2382 1102 2423 utet
1114 2371 1142 2422 in
1156 2369 1250 2440 pleris-

185 2471 238 2524 que
257 2452 337 2508 codd.
356 2457 403 2525 qui
422 2455 551 2508 hactenus
569 2454 603 2509 ad
621 2473 729 2508 muttum
747 2452 895 2508 editoribus
912 2453 993 2504 suere.
1013 2447 1095 2502 Unde
1114 2447 1251 2502 nonnullis

185 2533 260 2586 uenit
277 2533 394 2604 suspicio
411 2534 481 2588 hanc
495 2535 573 2588 chori
590 2547 692 2608 partem
710 2533 776 2588 salso
793 2533 898 2589 &neon
915 2530 1092 2602 adsignatam
1106 2545 1161 2582 non
1178 2527 1250 2580 enim

186 2629 242 2670 etse
253 2611 424 2686 grandiloqui
435 2625 462 2667 et
475 2615 604 2684 turgentis
619 2626 649 2667 ut
664 2614 810 2686 plurimum
823 2612 939 2666 auctoris
953 2608 986 2662 ad
1000 2608 1110 2662 hmnilia
1123 2608 1251 2660 et.minu·
1322 2679 1324 2682 .

187 2692 286 2749 tissime
297 2691 468 2748 descendere.
484 2692 566 2760 Quod
580 2707 680 2748 temere
692 2693 851 2746 illimatum
865 2708 979 2746 censeo:
995 2707 1057 2742 nam
1074 2679 1101 2740 1⁰
1113 2687 1135 2742 si
1151 2685 1185 2739 ad
1197 2685 1252 2738 elo·

187 2771 282 2840 quium
301 2771 488 2826 tantummodo
505 2772 672 2837 attendatur,
686 2772 754 2826 nihil
769 2773 797 2824 in
809 2772 858 2825 hro
873 2770 949 2824 chori
962 2781 1037 2840 psrte
1049 2767 1166 2821 occonis
1179 2763 1252 2837 qnod

188 2851 295 2905 Senecse
306 2851 414 2923 ingenio
427 2871 574 2924 repugnare
587 2849 724 2916 videatur,
736 2869 823 2924 quum
837 2850 899 2904 alibi
914 2867 970 2902 non
983 2847 1063 2901 semel
1076 2865 1119 2900 res
1132 2843 1253 2899 similiter

189 2928 328 2997 utendas,
348 2932 465 3004 amplam
486 2933 585 2986 levium
607 2945 634 2984 et
644 2927 769 2984 mollium
789 2931 933 3001 imaginum
947 2939 1061 2998 segetem
1078 2925 1252 2994 recolligens,

188 3009 362 3083 vitiosinsqne
373 3031 453 3083 qnam
464 3012 516 3066 hoc
529 3014 589 3066 loco
602 3013 630 3064 in
644 3011 728 3064 aliene
741 3023 768 3064 et
777 3009 923 3082 longinqua
938 3023 1082 3061 excurrens
1097 3022 1103 3057 :
1117 3006 1173 3056 imo
1185 3021 1255 3074 quta·

188 3086 251 3142 dum
268 3102 333 3146 sunt
349 3109 410 3162 qno
426 3092 472 3144 alii
488 3111 545 3150 non
563 3093 639 3146 facile
656 3091 797 3154 tribueris,
813 3101 841 3144 et
857 3107 918 3160 quas
937 3099 1002 3138 noto
1020 3084 1109 3138 colore
1126 3083 1254 3136 Senecam

188 3183 303 3239 argum
316 3181 460 3224 auctorem.
478 3163 507 3226 ιο
519 3173 547 3225 Si
560 3172 740 3225 nenessitatem
751 3187 841 3222 rernm
855 3165 996 3230 intuearis,
1012 3163 1118 3235 plenior
1132 3161 1255 3214 rideatur

189 3249 290 3302 choros
310 3250 360 3304 hac
381 3249 482 3323 adjecta
501 3264 593 3323 parte,
615 3269 694 3321 quam
713 3251 774 3320 jure
795 3248 926 3319 potuisses
948 3245 1071 3297 omissam
1094 3239 1253 3295 desiderare.

189 3328 329 3393 Thebani,
344 3341 420 3401 cepta
438 3349 470 3384 ex
486 3333 553 3384 lucis
569 3344 630 3384 ortu
645 3343 673 3383 et
687 3327 878 3382 instauratione
896 3326 1018 3379 laborum
1032 3322 1181 3385 occasione,-
1198 3320 1257 3390 ple-

191 3408 314 3464 beiorum
325 3411 409 3464 etum
424 3425 451 3466 et
464 3409 567 3483 placida
579 3409 680 3470 studia,
694 3420 847 3479 magnatum
861 3422 937 3458 curas
950 3416 978 3456 et
990 3399 1195 3464 sollicitudines,
1211 3397 1258 3451 de·

192 3487 325 3551 scribunt,
339 3489 461 3560 iactaque
476 3492 615 3560 utriusque
625 3489 738 3542 fortune
752 3485 907 3546 collatione,
922 3484 991 3536 hanc
1002 3481 1053 3535 sibi
1065 3479 1255 3551 optetissimnm

193 3582 302 3622 canunt.
320 3557 354 3622 ³⁰
370 3569 500 3624 Nonnulli
517 3568 639 3634 codices,
660 3581 690 3621 ut
709 3565 788 3620 MSS.
809 3565 894 3618 nostri
913 3564 1005 3631 ⁸⁰²7,
1023 3563 1118 3629 8029,
1134 3559 1209 3612 8030
1231 3573 1257 3611 et

195 3649 269 3702 8262
294 3648 407 3702 chorum
427 3663 513 3714 tomsp
536 3663 562 3702 et
576 3650 710 3720 integrum
724 3647 838 3710 liabent3
852 3645 915 3698 item
932 3640 989 3694 MS.
1005 3643 1092 3703 eoas,
1106 3655 1258 3711 quanquam

192 3728 352 3798 primipara
363 3730 439 3782 chori
449 3743 510 3802 post
519 3748 544 3782 v.
561 3730 612 3784 163
622 3767 630 3794 ,
641 3729 705 3781 item
715 3723 789 3780 MSS.
801 3725 874 3788 8034
888 3735 917 3776 et
931 3719 1019 3776 8035.
1035 3737 1188 3790 quanquam
1198 3731 1259 3788 post

191 3797 1191 3957 llll&lfflsllltlltt'..lllllltpl'lltl
1198 3798 1259 3929 tl.

192 3966 307 4039 opinion
321 3987 387 4022 nam
403 3987 467 4040 pars
483 3969 620 4024 illechori
641 3979 687 4020 aut
705 3965 784 4020 initio
802 3976 846 4017 aut
868 3979 997 4032 nusquam
1016 3958 1156 4023 convenit,
1175 3973 1259 4026 quum

192 4048 325 4182 illl?
342 4048 601 4182 'll‘ld‘ffl
611 4035 1262 4198 ,ssttlmsstt323533.lllttl.l⁰‘.t.‘.ltl

252 4167 260 4190 s
322 4165 345 4192 *ι
394 4149 409 4182 0
524 4148 541 4182 ⁰
701 4165 708 4190 s
795 4151 797 4156 “
1084 4157 1092 4182 ⁹

195 4206 224 4260 in
234 4205 396 4278 quibusdam
412 4209 574 4276 rnembrsnis
583 4206 681 4262 direnti
695 4207 712 4257 J
715 4205 799 4258 unoni
813 4201 976 4273 adsignetur.
