3090 5142
382 500 427 544 xa
508 476 537 544 J.
558 477 609 545 ts.
632 475 834 546 rourum
859 476 922 543 nn
948 454 1022 544 'rus
1044 473 1318 581 rnioonnus

382 614 447 680 est,
461 613 494 662 et
508 596 592 663 clare
604 594 638 660 id
652 594 795 660 ostendit
802 595 938 677 Fabius,
951 595 1008 682 qui
1022 610 1209 685 utrumque,
1222 595 1445 684 Pomponium

379 703 453 766 dico
470 718 502 766 et
526 703 679 766 Senecam
696 701 950 788 Philosophum,
970 722 1037 762 non
1060 716 1188 763 tantum
1206 701 1305 765 titisse
1326 718 1447 766 coaeta-

381 829 470 890 neos,
487 805 543 871 sed
559 806 599 872 de
609 805 761 895 tragoedia
775 813 926 893 quoque,
945 821 978 867 et
991 804 1071 892 quid
1083 806 1164 870 inea
1180 805 1335 870 decorum
1349 824 1447 888 esset,

380 911 576 975 familiariter
591 911 675 974 inter
689 931 758 974 sese
774 926 910 974 certasse
925 924 1092 974 memorat.
1111 910 1166 974 Ait
1179 911 1266 973 enim
1284 911 1339 976 lib.
1352 913 1446 993 Vlll,

380 1039 449 1104 cap.
468 1014 508 1080 3:
527 1013 686 1078 «Memini
706 1013 833 1099 juvenis
855 1010 1033 1075 admodum
1059 1013 1144 1077 inter
1167 1013 1385 1101 Pomponium
1410 1033 1447 1080 et

380 1123 535 1186 Senecam
557 1119 653 1182 etiam
677 1117 920 1206 prefationibus
937 1139 1007 1181 esse
1030 1133 1219 1201 tractatum,
1244 1141 1285 1183 an
1300 1121 1445 1210 amadus

380 1225 543 1293 eliminat*
557 1223 645 1312 apud
655 1225 781 1288 Attium
796 1223 830 1286 in
841 1215 994 1312 tragoedia
1012 1222 1074 1287 dici
1092 1225 1313 1310 oportuisset·
1326 1227 1368 1291 Et
1383 1227 1445 1290 ite-

378 1353 452 1396 rum
463 1330 546 1394 libro
560 1330 610 1411 X,
623 1351 692 1416 cap.
707 1351 720 1390 1
733 1376 742 1410 ,
753 1327 810 1391 ubi
825 1349 976 1414 censuras
991 1342 1162 1391 auctorum
1179 1330 1256 1418 agit,
1271 1329 1444 1418 Pomponii

380 1441 465 1504 inter
476 1437 613 1526 tragicos
624 1435 773 1500 meminit
788 1458 796 1499 :
813 1449 910 1522 atque
924 1432 1019 1516 inde,
1033 1433 1178 1522 expensis
1192 1435 1330 1513 caeteris,
1344 1439 1442 1524 etiam

380 1545 519 1624 Senecae,
529 1563 628 1630 quem
646 1563 686 1604 ex
702 1539 860 1604 industria
872 1537 1032 1604 distulisse
1049 1562 1083 1604 se
1100 1539 1162 1622 ait,
1179 1541 1293 1605 ultimo
1309 1540 1443 1608 demum

378 1649 469 1730 loco,
487 1646 590 1712 sedin
599 1645 688 1710 omni
698 1643 881 1708 studiorum
897 1666 1014 1733 genere
1023 1659 1062 1707 ut
1077 1631 1276 1729 excellentis,
1289 1647 1333 1712 ita
1343 1647 1442 1714 etiam

378 1752 580 1843 poematibus
606 1751 698 1831 clari,
723 1749 922 1813 mentionem
947 1747 1059 1829 injicit.
1084 1749 1178 1816 Adeo
1199 1769 1237 1816 ut
1258 1753 1362 1842 palam
1379 1755 1441 1838 sit,

376 1859 608 1924 Terentianum
632 1879 699 1921 non
728 1871 794 1920 tam
816 1853 973 1938 ἑιωιριτικῶς
1003 1877 1100 1943 quam
1119 1875 1278 1938 συγκριτικῶς
1300 1883 1339 1924 eo
1366 1853 1442 1925 loco

378 1988 491 2030 rocem
508 1976 584 2027 arcte
601 1983 796 2050 usurpasse:
823 1961 914 2048 quasi
932 1962 1085 2026 nimirum
1105 1961 1244 2046 diceret,
1263 1980 1442 2054 utrumque

377 2087 410 2136 et
423 2072 577 2136 Senecam
591 2083 623 2132 et
640 2067 859 2155 Pomponium
879 2065 913 2130 id
929 2084 1004 2131 ante
1020 2057 1188 2133 factitasse.
1206 2069 1442 2160 ItaqueTragi·

377 2199 453 2240 curn
468 2171 636 2255 bohemus,
653 2171 709 2259 qui
725 2170 812 2234 idern
826 2186 858 2234 et
871 2169 1100 2260 Philosophus.
1117 2173 1177 2236 Cui
1192 2171 1333 2258 accedit,
1349 2175 1441 2265 quod

376 2302 487 2346 versus
505 2301 581 2346 cum
600 2277 729 2342 Senecae
747 2275 880 2339 nomine
897 2297 936 2339 ex
958 2272 1097 2340 Hercule
1112 2275 1243 2343 furente
1259 2280 1336 2345 citet
1351 2275 1440 2346 idem

375 2385 611 2458 Terentianus,
639 2401 721 2468 quos
740 2395 773 2443 et
788 2379 833 2442 ibi
849 2365 1014 2467 hodieque
1031 2381 1192 2470 reperias,
1214 2401 1247 2449 et
1263 2385 1382 2451 Fabius
1401 2411 1441 2452 ex

376 2488 519 2570 ejusdem
529 2487 654 2568 Medea,
668 2508 707 2575 en
715 2483 895 2549 Troadibus
910 2483 1052 2570 Probus,
1065 2509 1103 2551 ex
1116 2487 1294 2578 Hippolyto
1308 2491 1441 2560 Priscia-

376 2618 457 2678 nus,
473 2610 507 2658 et
523 2592 662 2680 denique
679 2614 718 2656 ex
735 2591 877 2679 Thyeste
893 2589 1072 2658 Luctatius.

418 2701 480 2766 Hic
496 2701 562 2782 jam
579 2701 693 2764 factam
714 2721 748 2764 se
767 2721 837 2764 rem
855 2699 976 2764 habere
993 2701 1154 2789 quispiam
1177 2720 1282 2792 putet.
1303 2704 1366 2770 Sed
1378 2707 1440 2772 ite·

375 2829 450 2872 rum
461 2805 677 2870 controversia
692 2805 807 2885 oritur,
822 2820 855 2868 et
870 2821 981 2868 movet
997 2828 1068 2870 eam
1076 2805 1194 2872 Paulus
1206 2809 1389 2892 Diaconos,
1406 2828 1440 2875 et

373 2928 448 2978 ante
463 2935 538 2976 eum
556 2907 708 2976 Sidonius
720 2910 881 3000 praecipue
895 2911 1095 2998 Apollinaris.
1115 2913 1198 2978 Nam
1216 2913 1267 2977 ille
1287 2900 1439 2980 Historiae

374 3018 536 3099 miscellae,
553 3016 609 3081 lib.
620 3001 713 3096 V111',
728 3016 856 3079 Senecae
873 3015 999 3106 Tragici
1025 3018 1188 3101 meminit,
1209 3021 1300 3106 quasi
1323 3020 1439 3085 distin-

313 3142 315 3146 ·
374 3144 477 3212 guens
490 3142 565 3185 eum
574 3141 592 3182 a
601 3115 812 3206 Philosopho.
823 3117 929 3183 Verba
941 3118 1009 3199 ejus
1020 3137 1114 3186 sunt:
1130 3151 1143 3177 ι
1153 3123 1258 3203 Hujus
1270 3123 1437 3214 (Neronis)

341 3299 344 3306 ,
373 3227 575 3317 temporibus
593 3241 697 3314 poetae
717 3223 883 3314 pollebant
903 3226 1016 3290 Rornae
1035 3228 1183 3292 Lucanus
1192 3277 1203 3312 ,
1228 3231 1387 3300 luvenalis
1404 3249 1439 3299 et

372 3335 515 3416 Persius,
541 3333 727 3420 Senecaque
744 3331 928 3420 Tragicos*
953 3331 996 3398 Et
1012 3333 1130 3423 magis,
1158 3358 1257 3424 quem
1277 3337 1363 3422 dixi,
1388 3341 1438 3405 Si.

373 3441 511 3506 donius:

511 3600 634 3666 Quorum
648 3616 718 3651 unus
734 3597 798 3651 colit
811 3596 948 3669 hispidum
961 3597 1083 3660 Platona,

512 3689 704 3760 lacessuntque
716 3705 794 3740 suum
808 3697 899 3740 mouet
909 3687 1042 3740 Neronem
1052 3705 1060 3751 ;

510 3777 678 3833 orchestram
691 3778 778 3851 quatit
791 3777 857 3830 alter
869 3777 1013 3850 Euripidis.

369 3945 432 4026 En,
446 3943 563 4010 diserte
581 3943 665 4008 duos
682 3959 809 4010 tantum
822 3965 944 4033 eosque
957 3944 1100 4010 diversos
1116 3946 1252 4012 Senecas
1269 3951 1436 4038 agnoscit3

368 4049 605 4139 Philosophum
617 4050 755 4114 alterum
765 4099 774 4129 ,
783 4051 920 4116 alterum
928 4051 1110 4140 'l'ragicum
1123 4054 1175 4135 At,
1185 4053 1309 4136 Sidoni,
1323 4054 1438 4120 rhetor
