3172 5138
443 491 721 559 THYESTES.
752 491 859 558 ACT.
888 495 954 560 IV.
1155 493 1229 566 303

324 620 379 691 Sol
398 623 561 690 Auroram
578 621 668 690 videt
684 621 860 704 occiduus,

324 729 555 821 Tenebrasque
567 728 661 822 jubet
678 751 831 820 surgere,
846 729 997 802 nondum

322 835 431 902 Nocte
450 846 575 927 parata.
593 835 670 902 Non
687 832 869 902 succedunt
952 825 968 860 ‘

326 943 439 1024 Astra,
455 963 517 1008 nec
535 937 603 1008 ullo
620 940 721 1008 micat
735 941 811 1032 igne
831 938 947 1034 polus:

324 1045 394 1114 Nec
417 1049 513 1114 Luna
534 1069 650 1140 graves
671 1043 791 1138 digerit
809 1045 953 1116 umbras.

326 1150 390 1220 Sed
407 1149 565 1245 quidquid
581 1151 614 1219 id
635 1165 702 1236 est,
725 1151 849 1220 utinam
869 1177 936 1222 nox
952 1149 1007 1220 sit!

326 1257 524 1350 Trepidant,
539 1255 706 1351 trepidant
723 1271 858 1349 pectora
877 1281 997 1350 magno

327 1365 487 1431 Percussa
508 1377 620 1448 metu,
638 1387 680 1430 ne
699 1361 789 1430 fatali

327 1471 457 1538 Cuncta
471 1469 566 1537 ruina
581 1481 734 1563 quassata
751 1466 879 1553 labent,

327 1577 517 1668 lterumquc
534 1574 615 1643 deos
631 1573 848 1668 hominesque
866 1591 994 1668 premat

326 1679 486 1749 Deforme
503 1680 603 1750 choos
620 1705 626 1748 :
643 1680 762 1748 iterum
778 1695 901 1766 terras,

326 1789 370 1856 Et
391 1811 503 1874 mare,
517 1801 548 1854 et
568 1787 660 1881 ignes
676 1801 710 1854 et
727 1809 811 1880 vaga
829 1787 910 1880 picti

166 1992 201 2048 de
215 1993 322 2050 Senect.
337 1994 372 2046 ²3
382 2012 391 2047 ε
400 1995 444 2048 Ee
456 1998 510 2046 ulta
522 1998 557 2046 s'ta
570 1994 675 2058 discedo,
721 1993 792 2046 idem
804 2004 881 2048 sonet
892 1996 985 2060 sosato
999 1997 1139 2063 destinatus,
1153 2019 1182 2054 sc
1195 2001 1230 2056 de

166 2086 281 2148 tuaquom
291 2095 323 2128 ex
333 2075 446 2144 δοφίιὶο,
459 2093 506 2126 uon
520 2084 632 2144 tanquam
648 2094 678 2126 er
720 2074 854 2144 prosperis
874 2084 905 2126 ut
928 2073 962 2127 tle
984 2075 1100 2131 exitiosis
1121 2079 1229 2136 dieitur.

165 2154 250 2218 dano,
265 2168 317 2209 ete.
332 2185 373 2196 -
389 2153 478 2208 Noeris.
497 2153 547 2207 Cui
560 2152 613 2206 hoc
628 2153 677 2206 ho·
720 2153 778 2207 Cic.
790 2153 897 2207 Catilio.
908 2154 983 2217 lV,1
1001 2157 1088 2208 :Meus
1096 2163 1231 2214 consulatus

65 2237 68 2244 '
165 2234 277 2305 spitiun
293 2235 415 2306 ignotum
430 2245 569 2287 etuovum
583 2245 631 2286 est.
720 2233 875 2284 adsalutem
895 2233 1029 2306 republica
1049 2257 1124 2310 prope
1142 2241 1230 2305 fatalis
1272 2263 1276 2272 ·

208 2313 400 2369 &siloam
405 2313 484 2366 Nocte
491 2325 590 2384 pur-uta.
596 2311 677 2378 Quod
714 2315 775 2380 fuit.
790 2311 830 2365 ld
842 2311 910 2366 Phil
925 2317 942 2365 6
954 2331 961 2366 :
978 2313 1038 2366 Fuit
1049 2317 1136 2392 aliquis
1142 2321 1231 2385 fatalis

166 2393 304 2464 sequentis
329 2393 462 2464 explicant
486 2410 493 2444 :
518 2392 678 2446 densissimus
720 2411 817 2444 casus...
834 2411 896 2444 mm
909 2396 994 2466 siquis
1007 2400 1068 2460 erit,
1083 2403 1131 2450 erit
1144 2403 1231 2454 volem·

167 2475 242 2526 enim
256 2475 383 2545 ingruunt
394 2473 525 2538 tenebre,
538 2473 599 2544 quis
613 2491 678 2525 non·
722 2476 805 2524 tanus.

166 2551 233 2606 dum
256 2571 302 2607 sus
321 2551 407 2606 sideru
426 2571 479 2606 nox
499 2553 677 2615 convocavit,
762 2552 826 2607 832.
849 2553 971 2620 Desomse.
994 2555 1053 2609 lloc
1074 2558 1145 2610 enim
1167 2579 1230 2631 pro·

167 2651 255 2703 neque
270 2647 325 2688 tum
339 2633 393 2686 cito
410 2630 612 2704 procudendum
628 2632 678 2686 sibi
721 2632 812 2704 prium
834 2632 914 2684 hebet
936 2633 1028 2698 ohsos,
1049 2636 1121 2706 quod
1145 2639 1173 2691 in
1200 2659 1232 2692 eo

167 2713 226 2766 lore
241 2711 408 2784 providem.
721 2729 890 2782 unaquaque
909 2731 951 2764 res
969 2731 1016 2766 suu
1035 2715 1120 2768 forms
1136 2733 1230 2773 curem.

209 2793 275 2846 826.
288 2794 395 2862 Depen't.
411 2791 542 2856 Discutit,
557 2789 676 2863 dissipet.
722 2789 802 2844 Ovid-
815 2791 922 2844 Metam.
935 2793 963 2855 1,
981 2795 1014 2846 16
1029 2811 1035 2846 :
1053 2795 1112 2848 «stc
1125 2811 1181 2850 erat
1192 2800 1232 2851 in·

169 2871 231 2925 Seu.
248 2873 346 2938 Quest.
369 2867 539 2934 Natanvll,
555 2889 607 2924 ss:
624 2872 677 2924 Nu·
721 2869 821 2924 stabilis
834 2871 928 2934 tellus,
945 2871 1069 2926 innabilis
1085 2874 1168 2940 undo,
1180 2880 1232 2930 Lu·

169 2951 238 3006 bes..-
266 2952 540 3020 nodocougregautur,
558 2951 678 3002 medodi-
720 2953 758 3002 cis
771 2967 919 3021 egensuer:
934 2951 1001 3003 nulli
1014 2971 1062 3006 sua
1077 2955 1161 3008 forms
1176 2977 1231 3010 rua·

166 3031 678 3102 geruntur.Plin.VIIl,ep.ro:lrrter-dum
714 3029 810 3082 'nebat
824 3055 835 3074 ·
851 3061 892 3073 -
904 3031 1000 3086 Iterum.
1015 3032 1183 3089 subaudire.

162 3113 259 3180 junctae
278 3112 441 3184 copulataque
459 3123 516 3162 sunt
535 3129 545 3162 .·
560 3111 678 3164 nouum
764 3109 828 3163 833.
852 3111 922 3178 Ignes
942 3123 966 3160 et
983 3131 1066 3182 vago,
1085 3127 1134 3167 etc.
1152 3119 1233 3172 flecte

168 3191 360 3244 discordantibus
372 3194 451 3242 ventis
465 3189 614 3259 differentem
628 3191 679 3242 Lu·
722 3187 834 3241 adnotat
849 3188 949 3242 Baden.
967 3195 1033 3260 ignes
1048 3205 1072 3243 et
1086 3195 1164 3247 sideru
1180 3215 1231 3267 pro

167 3289 230 3324 can.
243 3273 285 3336 X,
301 3273 354 3329 260
369 3288 376 3322 :
394 3297 405 3318 ι
416 3267 496 3324 unda
509 3269 585 3340 plus,
600 3289 679 3342 qnam
722 3272 789 3338 ignes
806 3269 909 3320 siderum
926 3272 1040 3340 positum
1061 3291 1131 3339 esse,
1152 3295 1231 3347 quum

168 3349 245 3422 quod
260 3349 362 3421 digerat
374 3367 431 3413 ser,
446 3349 596 3402 Tollitur.»
722 3349 832 3418 liguram
847 3349 948 3402 Nostro
964 3350 1092 3421 placuisse
1107 3359 1231 3428 exemplis

201 3428 679 3500 827.Utslramnocsit!0ptatclrorus,
723 3427 856 3492 ostendit,
871 3429 950 3500 llipp.
969 3431 1042 3501 509,
1061 3436 1134 3499 640,
1157 3439 1231 3507 657,

167 3507 678 3582 nihilaliudsintistaetenehroe,qusm
726 3525 816 3578 11793
840 3507 940 3580 OEdip.
968 3509 1037 3580 3393
1063 3513 1141 3568 llere.
1167 3517 1229 3570 OEt.

168 3590 259 3644 brevis
268 3586 385 3643 delectus
392 3589 469 3652 solis,
480 3607 541 3641 mox
552 3588 679 3653 redituri,
726 3594 809 3656 ¹49⁰·
824 3587 913 3651 Mare,
927 3589 1019 3652 tellus,
1035 3603 1061 3646 et
1072 3591 1173 3648 siderea
1188 3616 1231 3648 re.

167 3683 194 3724 et
214 3687 322 3722 cursum
342 3687 419 3722 snum
437 3666 579 3740 postridie,
597 3670 679 3722 veluti
722 3668 779 3738 gio,
795 3669 812 3720 i.
830 3685 854 3720 e.
870 3668 978 3731 celum,
996 3688 1048 3740 pro
1064 3691 1153 3726 rerum
1172 3679 1230 3728 uni-

167 3761 229 3821 post
242 3749 359 3819 singulas
373 3749 500 3802 haetenus
515 3761 622 3812 noctes,
637 3750 679 3806 iu·
722 3749 861 3810 versitate,
873 3749 942 3800 utin
956 3749 1034 3802 llere.
1050 3752 1100 3803 sur.
1119 3757 1191 3820 1054
1205 3773 1231 3811 ct

166 3828 327 3892 staureturi,
344 3847 433 3898 neque
453 3825 548 3882 mundi
564 3827 678 3882 dissolu·
723 3827 909 3898 sequentibus,
919 3840 945 3880 et
957 3829 983 3881 in
996 3829 1075 3882 Orid.
1088 3833 1193 3888 Metam.
1206 3839 1232 3900 l,

167 3910 269 3962 tionem
285 3909 419 3962 nuntient.
725 3909 759 3966 5.
773 3921 963 3961 memorantur.
976 3941 1013 3950 -—
1029 3911 1110 3981 Vaga.
1125 3915 1182 3974 (ζῇς,
1197 3915 1231 3969 df

208 3987 676 4059 8²9.Foruli...ruiuo.lluius,qusm
722 3987 847 4040 Univers.
858 4005 890 4038 ro
904 4006 910 4039 :
925 3987 1074 4061 Sideraque
1088 3993 1162 4062 iifira
1173 3999 1232 4048 cerlo

166 4068 343 4122 decreverunt
354 4068 404 4120 futu
418 4084 424 4119 ε
436 4084 551 4137 namque
563 4065 632 4138 apud
644 4069 679 4120 lu·
723 4087 770 4118 nou
791 4079 911 4118 mosennrr
928 4069 988 4129 loco,
1010 4082 1033 4120 rt
1053 4091 1106 4142 quoe
1125 4093 1191 4144 vaga
1209 4091 1233 4128 θ(

166 4149 238 4202 linos
249 4148 463 4214 anctoressrtalis
472 4164 609 4217 nunquam
622 4167 677 4200 non
724 4147 833 4198 mutabili
845 4153 935 4198 ratione
948 4148 1067 4203 luduntur.
1081 4151 1177 4206 Noster
1187 4175 1234 4208 stu·
