3118 5138
343 503 629 574 unnounus
656 503 876 576 nunnus.
905 507 1013 576 Aer.
1041 509 1069 575 1.
1215 533 1234 602 7

233 637 421 732 Pariterque
437 647 533 706 natus
549 649 638 705 ostra
654 635 815 730 promisse
832 651 997 732 occupet,

233 747 273 814 ln
289 743 384 838 cujus
405 757 482 812 ortu
501 739 644 812 mundus
659 740 822 838 impendit
838 742 948 830 diem,

231 850 424 944 Tardusque
442 851 515 917 Eoo
532 846 678 918 Phoebus
697 847 822 924 effulsit
843 851 946 934 mari,

233 958 387 1026 Retinere
408 977 553 1024 mersum
571 953 680 1047 jussus
698 955 835 1026 Oceano
851 955 965 1049 jubar3

233 1064 309 1132 Non
332 1063 378 1131 sic
397 1061 537 1130 abibunt
556 1059 642 1128 odie.
661 1061 804 1131 vivaces
826 1077 902 1157 aget

233 1166 405 1236 Violentus
428 1167 493 1236 iras
517 1166 665 1253 enimus,
688 1181 722 1236 et
741 1191 846 1237 saevua
864 1166 961 1236 dolor

234 1275 368 1342 AEterna
389 1270 475 1343 bella
497 1295 579 1367 pace
602 1271 730 1341 sublato
749 1287 850 1368 geret.

234 1379 317 1468 Quae
333 1375 441 1448 bellu?
457 1375 617 1473 quidquid
635 1376 807 1448 horridum
827 1377 923 1448 tellus
940 1391 1031 1448 creat
1109 1397 1112 1408 '
1216 1423 1240 1460 ³0

233 1486 391 1572 Inimica3
409 1482 568 1579 quidquid
587 1498 709 1578 pontus
727 1500 785 1554 aut
806 1508 863 1554 ner
882 1483 957 1556 tulit

232 1589 408 1678 Terribile‚
424 1589 551 1677 dirum,
567 1588 737 1694 pestilens,
755 1605 868 1679 atrox,
887 1591 1013 1676 ferum,

233 1699 387 1768 Fructum
401 1711 500 1790 atque
515 1694 676 1765 domitum
692 1711 742 1765 est
757 1723 764 1764 :
781 1711 930 1792 superat,
946 1711 981 1766 et
998 1697 1116 1766 crescit
1130 1691 1241 1783 malis,

232 1805 351 1898 lruque
372 1817 486 1872 nostra
507 1801 647 1887 fruitm3
667 1803 702 1870 in
721 1800 834 1872 laudes
852 1827 928 1872 suus
1151 1795 1156 1804 ’

178 2019 246 2075 quoe
258 2003 329 2055 Iuno
339 2002 474 2056 novercali
487 2001 549 2056 odio
561 2001 687 2056 excreuit.
731 2001 804 2073 quod
813 2001 922 2054 Herculi
931 1999 1049 2055 indicere
1054 2000 1167 2073 queam?
1175 2001 1244 2054 'Pen-

217 2081 259 2135 23.
279 2086 356 2134 Astra
369 2085 499 2150 promr'sra.
519 2079 688 2136 Divinitatem
732 2089 787 2133 tata
800 2079 981 2152 exhaustaque
993 2080 1100 2144 omnia,
1114 2095 1201 2152 neque
1215 2082 1243 2134 in

178 2158 335 2232 promissam
349 2161 456 2222 alere,
467 2171 498 2212 nt
509 2159 558 2212 lnl'.
571 2177 598 2212 r.
616 2157 668 2229 9⁵8
679 2175 686 2210 :
731 2158 816 2212 tribur
826 2160 913 2232 regnis
924 2159 1071 2232 quidquam
1081 2159 1246 2232 superestin·

181 2241 227 2292 ·1n
234 2237 387 2292 altamuudi
394 2239 475 2311 eperia
483 2238 603 2291 sublimia
611 2239 688 2291 ferar:
733 2237 831 2292 vietum
849 2239 974 2304 Herculi,
996 2239 1041 2312 qui
1058 2257 1151 2294 omnes
1169 2238 1244 2292 lebo-

180 2315 689 2389 Peumethermoapromittitprter.»
732 2335 792 2370 rum
802 2319 943 2372 varietates
951 2331 1184 2392 monstrorumque
1193 2319 1246 2371 lor·

216 2403 258 2461 ²4·
270 2401 381 2450 Mennis
393 2399 513 2467 impendit
524 2399 596 2448 diere.
610 2395 690 2448 Mun·
736 2415 792 2450 meu
805 2399 968 2470 supererit.»

180 2477 248 2544 dne,
258 2478 286 2532 id
299 2489 355 2542 eat,
371 2477 465 2532 celum
478 2480 522 2548 (ut
533 2495 592 2548 aup.
603 2495 630 2528 v.
644 2475 691 2548 ιθ)
750 2515 752 2520 -
769 2476 813 2530 33.
823 2483 886 2546 Sope
899 2479 1004 2549 quon
1015 2477 1244 2550 eolumrupereet,

179 2557 343 2628 gmmatioui
366 2557 487 2611 Herculis
510 2571 594 2610 unum
619 2554 690 2608 diem
735 2568 864 2628 superstes
875 2557 955 2620 vivit,
969 2557 1034 2608 utin
1048 2555 1247 2628 Virg.snperat·

180 2637 325 2689 contribuit
335 2654 342 2700 ;
357 2637 436 2690 nnina
458 2635 511 2689 diei
522 2674 530 2700 ,
544 2633 609 2687 dum
628 2653 691 2706 pro·
734 2655 765 2687 ne
774 2650 798 2688 et
807 2639 914 2688 vescitur
922 2655 986 2686 aura
995 2645 1009 2686 ι’
1018 2633 1064 2688 sed
1074 2633 1172 2697 vincit,
1186 2651 1247 2686 eva·

180 2727 313 2769 uteretur
323 2715 466 2780 flereulee,
477 2713 603 2768 damnum
613 2713 689 2780 loeit3
735 2713 775 2766 dit
788 2715 880 2767 victor.
893 2713 981 2785 Vulgo
994 2733 1125 2781 superare,
1147 2723 1177 2764 ut
1187 2729 1246 2767 eam

180 2793 239 2846 <lna
251 2795 324 2848 enim
336 2805 440 2862 noctes,
456 2793 491 2847 ait
506 2793 612 2856 Delrio‚
626 2811 691 2846 eon·
735 2795 788 2846 vim
800 2794 913 2857 habeat,
928 2793 1014 2846 active
1028 2806 1054 2845 el
1067 2811 1128 2846 eum
1140 2811 1248 2845 ucenae·

180 2873 287 2928 nouare
297 2887 376 2939 eunt,
386 2874 460 2928 nullo
470 2873 513 2926 die
522 2869 690 2926 intermedio.
736 2865 790 2926 tiro
804 2885 956 2944 usurpatur.
966 2873 1052 2926 Tacit.
1068 2871 1184 2943 Agricol.
1197 2869 1246 2925 33:

180 2953 298 3026 Prnpffl.
320 2955 367 3022 Π,
392 2955 439 3021 18,
452 2973 479 3007 r.
495 2955 546 3006 ηδτ
561 2977 573 3000 ι
588 2949 693 3023 Jupiter
739 2991 788 3004 .....
793 2971 930 3020 nuperasse
943 2966 1037 3004 cantion
1049 2953 1150 3004 itineris.
1173 2951 1247 3003 Non-

181 3033 314 3088 Alomenn
331 3033 450 3106 geminus
464 3031 629 3104 requieverat
644 3031 693 3082 Ar·
737 3049 874 3102 nunquam
889 3043 976 3084 temen
992 3043 1018 3084 et
1032 3029 1152 3083 absolute
1168 3026 1247 3081 adhi-

181 3123 253 3178 τίοι,
263 3114 297 3166 Et
310 3114 404 3167 eaelnm
419 3125 501 3166 noctu
510 3111 551 3163 bie
565 3109 621 3163 aine
632 3127 693 3180 rege
737 3111 814 3164 betur
827 3122 981 3163 neutrorum
996 3128 1079 3163 more.
1093 3107 1160 3160 Pliu.
1177 3105 1246 3170 Vll,

181 3193 239 3245 fuit.
251 3216 263 3237 ι
738 3209 780 3262 ep.
796 3190 825 3242 l:
837 3192 866 3240 Si
878 3205 959 3240 tumen
976 3189 1123 3256 superaverit
1135 3187 1244 3246 rnorbru,

218 3291 261 3342 ²7·
273 3277 331 3324 Non
347 3276 391 3325 ric.
409 3273 469 3324 Non
485 3267 588 3323 excidet
604 3267 693 3321 animo
738 3273 853 3322 dentem
867 3271 969 3336 nequid
980 3268 1123 3318 milidonis.

179 3349 694 3422 irainveteretuinpelliceamearelpro·
774 3347 918 3416 34Jraque
926 3361 1011 3398 nostra
1012 3347 1118 3414 fruitur.
1127 3343 1249 3415 Fruiple·

179 3430 235 3483 lem
246 3427 543 3482 adulterinam.'l'erent.
553 3425 623 3479 And.
641 3433 693 3478 eet.
738 3444 850 3498 rumque
862 3425 932 3478 idem
946 3436 984 3478 eat
999 3443 1030 3476 ne
1047 3421 1179 3494 gaudere,
1201 3421 1247 3476 de·

167 3509 205 3572 ·1,
216 3525 290 3562 acen.
301 3509 360 3571 3,v.
370 3524 399 3562 1:
413 3531 424 3554 ι
434 3507 550 3559 Mirabar
559 3503 612 3558 hoc
622 3503 644 3556 ai
657 3503 695 3557 eie
738 3503 840 3568 lectari,
848 3503 935 3575 poliri,
948 3515 974 3557 et
985 3500 1020 3556 ad
1030 3513 1103 3570 grata
1115 3512 1161 3553 eut
1173 3499 1248 3553 utilia

179 3589 279 3642 abiret.
296 3613 308 3634 ι
333 3587 374 3640 Λᾶ
392 3603 472 3660 quem
490 3585 578 3638 locum
596 3587 693 3637 Donat.
738 3583 868 3636 refertur:
886 3581 937 3636 lrui
948 3581 1062 3635 nolemus
1074 3578 1203 3642 fortunia,
1216 3579 1248 3630 li-

184 3667 253 3722 esic
270 3685 319 3740 pro
340 3665 432 3719 leviter
458 3677 484 3718 et
512 3663 692 3735 negligenter,
738 3661 855 3729 metam,
877 3661 951 3724 luce,
964 3657 1116 3722 beneficiis,
1137 3657 1246 3712 honori·

180 3747 261 3821 qnod
272 3747 359 3800 Greci
369 3748 445 3808 οὕτως
460 3744 562 3798 dicunt.
571 3767 582 3789 ι
739 3741 805 3804 hue,
820 3739 930 3803 studiis,
944 3737 1016 3792 otio:
1031 3735 1154 3792 dixerunt
1165 3747 1247 3808 poete
1325 3755 1327 3758 ·

221 3827 267 3879 28.
276 3833 356 3878 Savus
365 3828 447 3879 dolor.
457 3823 533 3895 Virg.
541 3825 603 3874 AEu.
614 3820 639 3884 1,
648 3821 692 3874 25:
738 3839 787 3873 nos
795 3831 821 3873 et
833 3815 976 3890 aliqnando
988 3817 1041 3870 frui
1049 3817 1144 3869 timore
1151 3833 1248 3888 paven-

179 3904 327 3960 -Necdum
336 3905 506 3958 eumeansae
515 3904 615 3956 irarum
625 3899 695 3953 aeri·
740 3909 795 3951 tum
809 3897 874 3968 (Sil.
885 3897 952 3961 ΧΠ,
971 3897 1055 3964 566),
1072 3907 1117 3948 aut
1135 3895 1246 3948 aliorum

178 4003 238 4057 que
247 3981 648 4037 doloreeExeiderantenimo.»
739 3977 861 4050 periculia
888 3975 1087 4048 (Lueret.11‚
1114 3978 1173 4043 r);
1199 3965 1247 4027 aeel

217 4065 264 4118 30.
291 4069 352 4129 Qnoe
377 4067 471 4116 bella?
491 4061 533 4116 Sic
558 4057 692 4129 intellige:
739 4059 824 4130 major
836 4068 862 4110 et
876 4055 968 4110 eadem
981 4053 1131 4110 felicissima
1143 4061 1182 4106 eat
1199 4070 1248 4105 au·

180 4171 192 4190 ·
207 4147 253 4195 An
266 4141 349 4196 ullum
363 4154 402 4196 eat
413 4159 514 4194 novum
524 4137 587 4193 belli
596 4153 695 4210 genus,
741 4135 817 4190 dacia
837 4135 948 4190 dicentia
962 4138 1022 4206 frui
1041 4137 1079 4186 ira
1099 4134 1196 4193 alena,
1220 4141 1251 4182 ut
