3070 5158
378 479 896 550 ANIMADVERSIONES.
1101 479 1170 564 463

103 609 187 664 8025.
197 610 328 662 Gruterus
333 608 402 660 hano
408 607 651 679 interpunctionem
659 610 719 679 jure
731 606 890 678 repudiavit.
898 609 1055 662 -ΑΜιἈίι
1065 610 1169 683 Gryplr.

101 689 210 741 addidit.

144 775 211 837 499.
226 768 340 820 flectitis.
361 766 439 820 Fero.
454 767 489 818 Is.
506 766 598 821 Heius.
617 767 695 820 Fam.
713 766 795 837 Thys.
812 766 915 819 reclivis.
925 797 965 810 ω-
976 769 1055 820 Arma
1085 768 1168 837 defien

101 849 210 901 incubat.
225 845 268 899 sic
279 847 331 916 legi
344 847 449 900 volebat
458 845 579 914 Lipsius,
590 846 709 916 ablegato
719 845 839 898 meabant.
851 845 942 898 Delu-io
951 860 1043 900 contu
1056 850 1170 901 incubant

101 929 237 992 tuebatur,
244 924 317 998 quod
325 925 427 996 poetice
436 923 537 977 dictum
548 924 711 978 existimabat
721 944 771 995 pro
779 925 910 978 ammoto
918 923 998 997 ipsuis
1007 931 1056 996 ipse
1064 930 1170 982 incubat.

102 1007 220 1060 Grutero
228 1023 315 1076 neque
326 1005 452 1068 mutam,
462 1022 549 1074 neque
558 1005 655 1056 itoeubat
663 1004 779 1074 placuit,
791 1018 818 1058 et
828 1023 855 1057 se
865 1021 921 1056 non
931 1005 1028 1058 habere
1038 1008 1170 1062 confessus

100 1099 142 1138 est
165 1103 219 1156 quo
244 1086 332 1138 locum
353 1085 395 1136 vel
422 1085 641 1154 interpretaretur
660 1083 703 1137 vel
721 1095 831 1137 sanaret.
853 1083 1005 1137 Gronovius
1022 1087 1101 1157 jussit
1119 1088 1170 1158 legi

100 1165 208 1216 Reatinis
220 1165 313 1216 hastam
326 1175 350 1214 et
364 1182 432 1215 anna
446 1162 525 1232 defien
544 1163 671 1226 tautam,
691 1162 763 1234 quod
779 1162 894 1216 Bothm
914 1163 949 1216 ita
964 1166 1082 1235 recepit,
1099 1179 1170 1220 utet

100 1244 253 1316 Lipsianam
263 1244 401 1296 lectionem
411 1255 499 1295 tamen
508 1261 562 1296 non
572 1243 734 1314 improbaret
742 1280 749 1307 ,
756 1255 782 1296 et
789 1243 898 1295 fortasse
906 1241 1046 1312 legendum
1054 1243 1170 1310 diceret,

100 1324 209 1380 Retlim's
222 1323 314 1386 adstat,
331 1341 398 1374 arma
413 1320 493 1390 defixo
505 1322 627 1375 iacobum.
640 1320 774 1375 Budenius
785 1338 850 1374 vero
863 1321 931 1374 nihil
941 1321 1004 1374 huic
1014 1322 1074 1376 loeo
1083 1324 1117 1377 od
1127 1325 1169 1377 io·

100 1403 249 1474 tegritatam
267 1401 355 1455 derue
369 1399 484 1471 judicat,
499 1415 526 1454 et
541 1402 674 1472 subqurm
687 1401 828 1453 lectionem
843 1402 947 1453 teatino
964 1402 1089 1467 bustoe,et
1100 1423 1168 1457 ama

99 1482 184 1552 desito
196 1481 311 1534 meabat
323 1481 443 1552 reponit,
457 1481 518 1552 quia
533 1497 586 1534 nou
601 1481 717 1533 insolens
731 1493 769 1534 est
784 1480 913 1533 mutante·
923 1482 1033 1533 verbum
1048 1484 1169 1537 absoluta

99 1562 183 1632 poni,
195 1559 270 1632 quod
279 1561 405 1631 exemplis
417 1560 557 1631 approbat.
570 1560 627 1612 Nos
638 1573 731 1612 ooutra
741 1559 902 1612 arbitramur
912 1579 966 1612 non
979 1559 1081 1614 admitti
1092 1581 1169 1634 posse

100 1640 230 1706 ἱκετεύω,
241 1639 313 1710 quod
323 1653 393 1691 ama·
398 1640 526 1701 incubant,
535 1655 590 1692 nou
596 1637 923 1710 perindevtlerevitletut.
933 1657 964 1693 ac
974 1657 1041 1700 artua
1049 1654 1119 1693 terroe
1128 1643 1169 1694 da·

93 1719 227 1790 suguntur,
241 1718 288 1772 sed
302 1720 412 1790 propius
426 1738 481 1773 esse
496 1720 538 1774 bis
554 1719 641 1771 verbis
652 1721 735 1788 jacent
749 1731 827 1770 strata
842 1720 915 1772 lumi.
928 1719 1029 1772 Rursus
1038 1719 1167 1774 Gronovii

100 1803 281 1871 conjecturam
297 1817 353 1852 nou
368 1800 518 1871 sequimur,
539 1799 602 1870 quia
619 1799 712 1850 hastam
735 1817 786 1869 pro
805 1800 881 1851 harto
898 1797 977 1850 scribi
994 1817 1070 1870 posse
1092 1801 1167 1854 nullo

99 1879 175 1933 libro
194 1876 381 1943 confirmatur,
404 1890 435 1951 et
454 1877 627 1932 indicativum
648 1877 693 1932 bio
716 1877 857 1950 participio
879 1888 1002 1949 praestare
1023 1877 1164 1934 eredimus.

100 1958 226 2030 Legimm
247 1957 343 2028 igitur,
355 1971 386 2012 ut
397 1957 532 2030 quondam
550 1958 673 2030 Lipsius,
688 1977 756 2009 uma
771 1957 851 2028 defixo
871 1957 982 2022 mwbat,
1005 1957 1079 2028 quod
1094 1971 1120 2012 et
1133 1960 1161 2012 in

100 2039 184 2091 Paris.
195 2039 267 2106 8037
281 2037 439 2091 invenimus.
449 2040 490 2091 De
498 2039 644 2092 accusativo
653 2050 715 2108 post
726 2039 838 2092 verbum
849 2037 971 2102 incubm,
983 2036 1038 2090 rid.
1047 2057 1076 2108 p.
1089 2043 1162 2104 tat,

98 2130 158 2170 not.
174 2117 207 2170 ad
217 2134 242 2169 v.
259 2122 324 2186 499.

143 2197 207 2251 ⁵03.
221 2199 246 2249 T
243 2207 325 2266 egunt.
338 2194 426 2268 AEgitl.
447 2208 540 2265 regnaut.

144 2278 208 2341 504.
223 2278 259 2329 Te
269 2279 360 2338 maria,
373 2287 423 2328 eto.
436 2276 526 2339 Quum
540 2277 612 2328 nulla
620 2276 701 2328 maria
710 2275 850 2330 tentaverit
861 2274 1015 2346 Polynices,
1024 2273 1166 2345 legendum

98 2356 284 2426 pronuntiavit
299 2356 429 2416 botherus,
447 2357 483 2408 Tr
500 2373 584 2406 amoro
600 2367 636 2406 tot
648 2356 756 2420 diversa,
772 2367 808 2408 tot
820 2375 888 2406 casus
901 2373 991 2424 ongum
1005 2357 1096 2424 Egere.
1113 2354 1166 2407 Sed

98 2436 164 2504 quis
171 2451 295 2505 tunquam
302 2433 393 2488 eredat
400 2431 455 2486 dici
463 2451 538 2504 posse
546 2446 582 2485 tot
590 2434 682 2486 diversa
689 2455 773 2486 amara
784 2453 835 2505 pro
844 2445 881 2485 tot
889 2437 989 2486 diversa
998 2435 1167 2487 adunitates?
1186 2469 1187 2472 =

97 2515 202 2584 Soepius
213 2526 302 2586 peccat
314 2511 484 2566 Nosterdum
495 2523 593 2566 temere
606 2513 751 2584 amplilioot
765 2527 792 2566 et
805 2513 922 2566 extendit
933 2513 1086 2580 sententias,
1097 2515 1166 2566 mul·

98 2605 181 2664 taque
193 2593 364 2647 concenatim
384 2605 489 2665 aggerat
507 2611 566 2664 quae
585 2591 617 2644 ad
635 2609 692 2646 rem
712 2594 799 2646 minus
814 2593 978 2663 pertineant,
996 2611 1075 2665 quam
1093 2592 1165 2664 quod

99 2673 189 2726 verbis
201 2685 291 2726 utatur
299 2691 358 2742 qus
367 2673 441 2724 cultu
452 2672 567 2725 etlatino
576 2673 674 2724 robore
685 2685 799 2726 careant.
811 2671 875 2724 Ideo
886 2671 975 2742 potius
986 2683 1078 2743 putem
1088 2676 1164 2724 maria

97 2753 134 2804 ab
151 2753 197 2806 illo
211 2753 355 2822 scriptum,
371 2768 451 2821 quam
469 2769 572 2812 amam
588 2767 650 2802 nam
666 2761 697 2804 ut
711 2753 739 2803 in
754 2749 799 2803 illa
817 2764 882 2803 root
900 2768 994 2821 parum
1006 2763 1045 2802 est
1057 2750 1166 2821 judicii,

97 2832 139 2884 sio
150 2832 178 2884 in
191 2832 241 2884 baa
254 2849 346 2902 parurn
356 2829 503 2900 elegantis.

142 2912 205 2965 506.
222 2911 316 2962 Festos.
339 2909 418 2962 Fem.
439 2910 475 2962 ls.
495 2906 583 2980 AEgtd.
600 2908 669 2962 Phil.
688 2921 713 2961 et
728 2921 780 2962 tres
793 2907 887 2960 Parias.
908 2909 985 2960 latas.

141 2991 204 3044 50⁸.
216 2990 291 3042 Dona
302 3007 350 3042 ron
363 3007 422 3041 auro
429 3007 523 3058 graves.
534 2989 675 3042 Nonnulla·
685 2986 758 3040 editt.
774 2979 883 3056 (Heius.
897 2987 980 3042 Sorit.
992 2987 1070 3040 tam.
1081 2989 1163 3060 Thya.

96 3066 237 3132 Gronov.)
252 3073 307 3122 auri
319 3082 344 3120 et
360 3087 453 3138 gram.
469 3071 506 3122 tlt
526 3069 554 3121 in
573 3068 697 3122 omnibus
716 3067 791 3120 MSS.
808 3079 834 3120 et
849 3069 951 3139 antiqq.
972 3066 1047 3120 editt.
1065 3087 1126 3120 auro
1141 3083 1166 3120 et

94 3169 197 3218 grates,
215 3150 283 3203 etin
295 3148 431 3204 nonnullis
445 3137 561 3218 (Parios.
579 3147 671 3217 6395,
689 3147 776 3214 8034,
791 3138 886 3214 8263)
900 3166 961 3200 auro
972 3163 1072 3216 gravet,
1090 3148 1164 3219 quod

95 3231 216 3288 Botheus
228 3242 255 3282 et
264 3227 396 3282 Budeniua
407 3240 479 3282 recte
490 3240 697 3298 assumpserunt.
712 3228 729 3279 J
730 3245 772 3280 am
785 3227 841 3280 hoo
852 3227 956 3298 ipsum,
966 3227 1031 3279 dona
1041 3245 1089 3280 nott
1101 3247 1161 3280 auro

94 3321 183 3379 gram
198 3309 283 3363 Gazae
298 3327 378 3374 socer,
393 3308 560 3362 Commelino
575 3309 716 3379 placuerat.

141 3388 206 3458 509.
221 3390 299 3443 Arra.
316 3389 359 3442 sic
376 3385 462 3459 AEgid.
477 3387 583 3458 Grypb.
598 3387 669 3440 Petr.
684 3387 786 3440 Fabric.
803 3397 949 3458 etseptem
969 3386 1063 3440 Pariss.
1082 3385 1165 3440 Solito

95 3470 254 3521 oonfusione
268 3469 329 3530 alii,
348 3468 376 3520 in
394 3468 491 3539 quibua
507 3468 584 3520 Fern.
602 3467 672 3520 Phil.
690 3480 718 3520 et
732 3464 824 3520 decem
841 3466 936 3519 Parias.
952 3485 1030 3518 ama.

139 3550 205 3602 51³.
221 3547 302 3601 Fatis.
317 3548 399 3601 Paria.
421 3549 492 3600 80²6
519 3549 607 3615 sactis.

139 3628 207 3682 516.
218 3628 342 3680 Sollicito.
354 3628 396 3680 Sic
409 3625 501 3680 oiunes
509 3625 544 3680 sd
555 3645 637 3679 unum
647 3624 724 3679 Mss.
733 3639 759 3678 et
768 3621 832 3678 editi
843 3624 906 3677 libri
913 3638 973 3677 ente
981 3625 1164 3692 Gronovium,

94 3720 122 3760 et
135 3707 203 3760 nibil
218 3725 279 3761 sane
291 3707 341 3762 hoo
353 3707 466 3760 lectione
481 3705 655 3760 commodius.
667 3709 790 3760 Attamen
801 3705 919 3759 Gronov.
930 3705 1009 3758 Roth.
1023 3704 1121 3758 lladan.
1132 3725 1164 3759 ex

94 3789 208 3840 Etrutoo
225 3787 338 3840 intulere
351 3805 478 3858 suspenso.

137 3868 205 3937 517.
223 3867 297 3937 Cujus
311 3879 439 3937 aspectum.
460 3866 541 3919 Paris.
558 3865 648 3934 8029,
663 3867 730 3936 cujus
744 3865 844 3931 affectu.

138 3949 204 4009 524.
218 3947 338 4000 Carenem.
356 3948 450 4010 Triste,
464 3957 514 4000 etc.
526 3945 649 4000 Testatur
662 3946 718 3998 lac.
735 3945 855 3998 Gronov.
873 3931 943 4014 (vid.
957 3943 1045 3997 scheri.
1066 3941 1163 4002 Dietz.)

94 4027 199 4078 alceste
211 4027 238 4078 in
250 4026 370 4080 Florem.
384 4045 495 4078 errenm.
507 4027 588 4078 Patris
596 4037 632 4090 ta,
645 4023 790 4090 etc.,untle
798 4025 842 4076 ille
851 4065 858 4090 ‚
867 4024 898 4074 ul
905 4056 914 4084 ‚
927 4029 1000 4078 triste.
1012 4018 1165 4091 (Botheus.)
