3090 5142
377 534 461 630 xvaj
769 535 1047 606 renatam

378 669 566 741 occasione
579 668 635 739 sui
652 667 867 744 ostendendi
878 672 1013 766 ingenii
1027 681 1191 756 careant;
1204 681 1267 737 aut
1284 689 1358 736 uno
1376 688 1465 735 suo

378 797 623 891 manuscripto
637 795 686 866 ita
706 793 865 892 gaudent
884 807 920 864 et
932 793 1147 891 gloriantur,
1171 805 1353 862 utcontra
1373 815 1462 860 cae-

379 935 540 991 tororum
553 915 728 994 librorum
738 915 849 992 fidem
858 918 982 1006 multa,
990 917 1148 1015 legentes
1160 941 1236 989 nou
1247 928 1461 998 moratura,

378 1039 597 1112 subvertant.
614 1044 694 1114 Hoc,
710 1040 748 1108 in
769 1039 995 1110 Gronovium
1014 1039 1051 1109 in
1072 1039 1197 1136 primis
1214 1035 1351 1108 dictum
1371 1058 1460 1132 pu-

378 1163 444 1234 tari
467 1174 603 1260 potest,
621 1185 749 1258 quem,
767 1159 930 1231 doctrina
953 1184 1038 1234 sane
1065 1174 1102 1231 et
1123 1159 1259 1258 ingenii
1275 1158 1457 1229 acumine

377 1284 627 1372 excellentem,
657 1283 747 1359 nulli
776 1282 975 1362 secundum
998 1287 1147 1357 Veteres
1179 1277 1456 1378 interpretandi

378 1407 484 1480 laude
505 1431 633 1478 omnes
652 1405 831 1478 latentur:
848 1404 912 1477 sed
929 1405 1137 1478 Florentino
1160 1429 1228 1476 suo
1246 1402 1328 1500 plus
1343 1401 1455 1496 justo

375 1527 559 1604 confidere
578 1528 666 1599 mihi
684 1529 849 1617 videtnr,
870 1553 986 1625 quum
1004 1553 1079 1600 non
1100 1524 1389 1616 solumpbscurn
1408 1538 1452 1595 et

377 1652 507 1740 dubia,
525 1677 569 1726 eo
590 1667 737 1724 auctore
760 1654 930 1749 castiget,
961 1651 1022 1724 sed
1050 1652 1144 1723 clara
1170 1652 1247 1748 ipsu
1269 1673 1338 1723 uec
1358 1672 1450 1723 seu-

377 1780 525 1863 tentias‚
545 1791 611 1847 aut
633 1778 893 1852 sententiarum
914 1777 1178 1848 connexionem
1206 1771 1449 1869 impedientia

376 1913 598 1998 prepostem
612 1902 795 1988 immutet,
820 1925 867 1974 ne
890 1901 956 1971 uni
979 1897 1074 1970 libro
1095 1921 1170 1969 non
1194 1909 1327 1995 pareat
1349 1893 1448 1968 Mul-

373 2036 452 2100 tum
466 2019 616 2120 quidem
633 2020 769 2119 profuit
781 2023 1010 2096 Florentinus
1025 2019 1161 2092 codex:
1186 2033 1223 2092 at
1241 2017 1445 2115 singulares

373 2145 464 2221 adeo
481 2149 718 2243 propriasque
734 2145 907 2217 lectiones
926 2142 1087 2243 praefert,
1103 2159 1138 2215 et
1156 2169 1176 2213 a
1191 2143 1328 2218 caeteris
1347 2144 1445 2213 Ger-

373 2293 574 2357 manarum,
585 2268 812 2355 Gallicarum,
822 2268 1022 2339 Italicarum
1033 2266 1201 2340 Biblioth.
1215 2269 1313 2338 MSS.
1323 2289 1443 2360 usque

375 2389 631 2488 eodiscrepat,
655 2405 696 2461 nt
714 2393 773 2462 rix
789 2405 930 2478 tenear,
949 2391 1039 2487 quin
1057 2415 1141 2463 eum
1165 2415 1186 2462 a
1205 2387 1353 2462 librario
1372 2387 1442 2460 hu·

374 2515 554 2590 munitatis
565 2529 604 2586 et
616 2514 804 2586 literarum
820 2515 1032 2600 latinorum,
1049 2512 1148 2612 quod
1162 2511 1361 2586 insolenter
1372 2509 1439 2583 fie-

373 2639 452 2728 bat,
467 2643 610 2737 perito,
625 2664 700 2711 non
712 2665 735 2710 e
754 2631 867 2712 verbo
881 2643 1114 2736 exscriptum,
1132 2635 1196 2710 sed
1209 2661 1253 2710 ex
1261 2634 1440 2711 industria

373 2777 605 2834 retractatum
618 2764 834 2849 existimem,
847 2763 949 2860 quasi
966 2776 1101 2832 textum
1116 2765 1258 2832 Senecae
1271 2783 1347 2830 non
1363 2772 1438 2831 tem

373 2907 534 2974 servare,
548 2909 661 2982 quam
688 2888 834 2982 ingenio
857 2902 897 2958 et
914 2885 1052 2982 judicio
1075 2908 1142 2955 sno
1161 2879 1439 2956 accommodare

373 3005 562 3081 studuerit.
580 3011 680 3099 Quas
697 3007 860 3080 obtrudit
878 3005 1147 3080 emendationes
1166 3029 1307 3103 semper
1327 3005 1436 3100 signi·

373 3126 522 3201 ficantes
545 3153 644 3217 esse,
665 3144 707 3200 et
727 3145 852 3202 :acutas
877 3129 1059 3200 interdum
1085 3129 1437 3225 elegantissimasque

372 3275 482 3328 nuno
520 3250 750 3330 diffiteatur:
790 3253 956 3342 sivero,
991 3250 1091 3348 quod
1128 3249 1212 3323 licet
1242 3248 1435 3347 suspicari,

372 3373 465 3444 nibil
500 3391 618 3447 essent
649 3375 748 3456 aliud
775 3399 891 3472 quam
928 3373 1042 3446 doctae
1085 3373 1324 3470 conjecturae,
1359 3396 1434 3444 non

372 3494 468 3568 ultra
494 3497 601 3568 unius
627 3499 699 3568 viri
725 3498 934 3594 opinionem
965 3497 1140 3583 valerent,
1164 3513 1201 3568 et
1228 3495 1265 3566 id
1293 3509 1433 3574 tantum

314 3632 317 3640 ·
375 3617 550 3691 baberent
567 3619 761 3717 ponderis,
789 3618 888 3716 quod
914 3617 1062 3692 adderet
1084 3619 1169 3715 ejus
1190 3619 1345 3694 solertia.
1374 3623 1433 3694 At·

371 3754 493 3814 tamen
519 3742 626 3813 multi
658 3768 736 3816 non
775 3741 984 3814 dubitarem
1026 3743 1125 3816 bunc
1165 3741 1325 3828 librum,
1355 3767 1432 3818 uon

371 3860 480 3940 modo
497 3861 751 3938 deficientibus
773 3865 1023 3962 manuscriptis
1043 3864 1169 3938 ducem
1193 3867 1313 3963 sequi,
1331 3864 1431 3962 quod

371 4009 480 4062 nemo
504 3987 753 4058 consideratus
777 3983 1075 4082 reprehenderit,
1113 3985 1176 4060 sed
1207 3991 1316 4060 etiam
1349 3986 1431 4084 plu-

371 4109 418 4180 ris
446 4132 556 4202 quam
579 4127 794 4182 'ceterorum
822 4104 987 4180 codicum
1020 4114 1285 4184 universitatem
1317 4134 1429 4183 unum
