3172 5138
397 493 903 606 snrnrsnvsnsrortns.
1108 526 1176 620 341

120 659 231 727 extulit,
249 658 322 730 qnod
339 659 450 731 vulgate
468 663 546 734 longe
565 664 702 736 anteponit
720 683 727 718 :
746 684 829 718 ·nam
842 677 929 738 captat
946 684 1008 719 sune
1021 665 1181 734 identidem,

120 739 224 811 inquit,
238 757 294 792 non
309 739 395 792 solum
406 739 516 794 advocet
528 742 660 797 laticem».
673 743 848 798 Obliviscitur
859 746 931 816 Lips.
943 744 1009 816 quid
1021 749 1107 817 poetis
1119 749 1183 802 con'·

119 817 244 883 cedatur,
255 819 337 872 immo
346 818 411 889 qnid
418 837 566 875 sermonem
575 823 710 894 poeticum
717 822 816 876 decent.
825 824 981 880 Commelin.
988 838 1081 880 contre
1093 847 1182 880 uocans

119 897 260 962 laudabat,
275 897 351 970 quod
364 899 589 970 interpretabatur
601 905 695 954 inhians
711 915 737 956 et
754 904 900 956 00001000.-
915 903 979 958 item
993 904 1130 960 Gruterus
1148 910 1183 960 At

120 977 290 1043 Gronovius,
306 978 455 1032 Florentini
468 978 567 1034 coelicis
580 982 649 1034 ultre
662 981 773 1035 modum
789 982 948 1048 observem,
963 982 1079 1037 admittit
1091 999 1181 1055 petens.

121 1057 163 1110 De
175 1056 225 1109 bne
236 1057 352 1110 lectione
365 1057 554 1113 Schroederns:
570 1062 692 1114 «Rectius
706 1081 747 1112 ere
763 1081 859 1126 vocem,
872 1063 973 1134 quippe
986 1066 1181 1136 lpperseulrspes

120 1153 202 1206 quern
214 1149 313 1206 penus,
329 1137 402 1208 qnod
416 1138 548 1207 posterius
562 1139 617 1192 sole
630 1140 735 1194 Etrusci
750 1140 848 1194 codicis
863 1143 1025 1207 reverentis,
1040 1145 1114 1214 (presi
1127 1164 1182 1197 non

120 1215 144 1267 is
157 1215 340 1286 compluribus
359 1216 387 1269 in
406 1217 470 1270 locis
487 1218 578 1271 infelix
594 1219 735 1274 lolinmet
750 1220 852 1274 steriles
869 1239 962 1276 svenne
978 1239 1030 1291 pro
1048 1223 1182 1278 frumento

121 1293 274 1359 exhiberet,
286 1293 460 1349 admissurum
471 1309 619 1352 setestatus
627 1297 788 1352 Gronovius.
799 1299 863 1352 vid.
874 1300 949 1372 Virg.
962 1301 1060 1372 Georg.
1071 1305 1098 1369 1,
1108 1304 1180 1358 388:

123 1398 136 1419 ι
146 1374 207 1425 Tum
225 1377 308 1426 cornice
320 1395 394 1427 rauca
405 1377 513 1445 pluriam
521 1389 594 1429 noent
609 1378 715 1448 improba
729 1397 796 1432 voce.
808 1411 847 1422 -
857 1379 990 1450 Profugiet.
1003 1381 1095 1435 Jacob.
1109 1383 1181 1438 Gro-

120 1453 218 1506 novius
230 1453 258 1504 in
272 1452 374 1507 schedis
386 1455 470 1507 Dietz.
485 1458 614 1527 proponit
625 1458 731 1528 refugus.
846 1513 848 1518 ,

166 1532 230 1601 173·
247 1533 338 1586 Sters'le'.
353 1532 422 1587 cod.
441 1534 527 1601 8033,
539 1537 617 1589 celeri.

161 1615 249 1664 Acrus
257 1615 545 1680 cucurone—Atreus,
558 1615 668 1669 Satelles.
683 1616 762 1670 «Non
773 1617 948 1672 Cruseritnns
959 1628 1078 1682 tentum,
1092 1618 1182 1689 inquit

120 1689 336 1754 Gmnorius‚sed
346 1692 557 1756 etFlorentinue‚
569 1714 655 1766 quum
665 1695 710 1748 hic
722 1695 750 1748 in
763 1695 951 1768 inscriptione,
964 1709 1021 1750 turn
1032 1716 1080 1770 per
1091 1710 1178 1751 totum

120 1769 174 1822 hoo
185 1769 365 1840 colloquium,
376 1771 423 1824 ubi
435 1784 462 1825 et
471 1772 633 1840 Vossianus,
647 1774 727 1828 bnbet
735 1776 830 1827 satelles
840 1787 866 1828 et
878 1788 925 1830 sat.
939 1795 990 1848 pro
1003 1775 1054 1829 illis
1065 1796 1143 1830 serens
1154 1792 1188 1830 et·

120 1869 183 1902 serv.
197 1850 291 1921 Itnque
305 1869 359 1902 non
373 1849 551 1906 dubitavimus
567 1854 603 1906 itu
616 1854 762 1908 restituere.
777 1879 788 1901 ι

165 1945 228 1997 ¹79·
247 1929 374 1998 Quests'bus
386 1933 466 1983 varus.
478 1929 546 1984 cod.
563 1933 637 1987 802⁸
649 1933 766 2004 quests'bcs
778 1937 862 1985 evin.

165 2010 227 2061 180.
239 2008 315 2059 ires?
325 2009 364 2061 As
374 2013 466 2079 Argos,
479 2021 529 2062 etc.
541 2009 584 2064 sic
596 2031 688 2066 omnes
699 2013 773 2066 MSS.
784 2013 835 2066 nisi
847 2011 922 2083 qttotl
933 2013 1056 2065 nonnulli
1071 2013 1140 2076 iras,
1156 2027 1180 2064 et

121 2087 206 2156 Argos
220 2088 353 2141 babeant:
368 2088 405 2140 sic
418 2101 445 2142 et
456 2089 584 2144 universes
597 2089 660 2145 edd.
672 2105 732 2144 ante
745 2091 921 2145 Gronovinrn.
939 2091 1009 2145 ilnic
1024 2105 1112 2146 nutem
1123 2093 1180 2164 pla-

119 2166 177 2219 cuit
192 2185 224 2219 ex
239 2167 350 2220 Etrusco
363 2167 524 2222 substituere
537 2171 618 2222 iratus
631 2172 744 2224 Ati-esu?
751 2173 853 2238 fremere
860 2173 914 2239 jans
931 2183 993 2222 tenu
1009 2174 1055 2222 tuis
1071 2171 1182 2222 Debebnt

120 2249 195 2297 armis
220 2247 293 2310 orbis,
318 2259 343 2298 et
363 2250 482 2318 genimen
500 2268 564 2300 neers
585 2250 701 2321 Utrinque
715 2251 800 2302 classes
815 2269 886 2319 cgere
900 2268 910 2300 ‚¹
922 2252 975 2319 jem
983 2250 1091 2320 flammis
1107 2270 1180 2320 egros

120 2327 220 2388 Lucere,
235 2337 286 2379 etc.
298 2326 389 2390 Quum
402 2338 488 2380 nutem
500 2329 636 2394 eclectio,
647 2329 726 2382 unius
737 2327 835 2384 codicis
846 2329 1089 2393 auctoritatum,
1100 2349 1180 2384 sensu

120 2422 176 2457 non
192 2417 299 2476 prestet
309 2407 434 2477 vulgate,
450 2406 535 2460 miror
546 2406 618 2479 quod
629 2409 736 2480 llipont.
748 2406 847 2460 Badeo.
860 2407 938 2460 Both.
950 2407 990 2460 illi
1005 2408 1179 2473 adhaeserint,

92 2497 97 2504 ·
120 2502 157 2536 ue
167 2498 256 2538 nomn
267 2482 374 2556 quidem
383 2485 505 2540 mutendi
516 2506 600 2542 censu.

164 2568 231 2634 189.
244 2565 320 2618 Clade
327 2566 433 2630 scente.
443 2566 569 2638 Quinque
579 2567 671 2621 Puriss.
683 2569 767 2620 nostri
778 2568 854 2618 classe
857 2568 968 2635 fimena.

165 2644 230 2712 ¹9⁵·
248 2645 343 2698 Mellet.
359 2645 403 2698 Sic
418 2645 535 2700 Florent.
551 2659 578 2700 et
592 2645 647 2700 duo
660 2646 739 2701 codd.
756 2647 841 2700 nostri
858 2647 929 2702 tots
947 2657 974 2700 et
990 2650 1073 2702 8060.
1087 2647 1179 2700 Plures

121 2724 198 2776 melit.
213 2724 290 2776 Ferri.
306 2723 406 2778 boertl.
423 2743 485 2778 curn
497 2725 574 2779 MSS.
593 2729 667 2782 8060
685 2739 712 2780 et
727 2727 812 2789 8263,
827 2726 897 2788 velit,
916 2722 1070 2778 adversante
1084 2739 1179 2779 metro.

166 2805 228 2871 196.
242 2803 346 2873 Ecquid.
358 2804 448 2875 Vulgo
458 2817 483 2856 et
492 2807 558 2877 quid.
569 2805 672 2859 llotlreo
682 2805 793 2858 omnino
801 2803 946 2869 assentior,
958 2806 1006 2873 qni
1016 2804 1070 2856 sim
1079 2805 1180 2857 nnllam

121 2883 151 2935 in
165 2881 351 2952 conjonctione
364 2901 419 2937 esse
431 2882 548 2953 judicat,
561 2897 587 2938 et
600 2885 682 2956 tnagis
697 2885 840 2938 convenire
854 2896 890 2947 ct,
905 2881 951 2936 scd
967 2895 1090 2954 prestere
1105 2892 1180 2936 ecnu-

120 2959 218 3026 is'rne‚
230 2980 304 3014 more
314 2963 398 3014 nostri
410 2963 532 3034 Tragici,
545 2964 635 3034 eeque'd.

163 3059 224 3094 sor.
243 3041 326 3093 Proin.
343 3041 386 3094 stc
403 3042 506 3096 Febric.
524 3042 634 3114 liaphel.
652 3041 780 3097 Commel.
800 3043 873 3094 Deir.
891 3042 968 3095 Grut.
987 3041 1077 3094 Heius.
1095 3039 1176 3094 Scriv.

120 3119 242 3174 Gronov.
258 3133 284 3172 et
298 3121 467 3174 recentiores.
482 3121 560 3175 Fero.
578 3125 685 3176 Ascens.
702 3122 806 3193 Gryph.
820 3122 891 3176 Petr.
907 3133 934 3174 et
948 3121 1069 3192 plerique
1084 3121 1178 3174 Perire.
1263 3181 1266 3188 ,
1311 3151 1315 3158 -

120 3199 202 3252 MSS.
220 3211 249 3251 ut
264 3199 446 3264 Florentium,
460 3201 568 3270 proinde.

165 3297 231 3330 noe.
246 3280 348 3331 Petatur
360 3279 431 3332 0100.
446 3279 512 3334 cod.
531 3283 621 3346 8008,
632 3291 730 3350 petetur
744 3281 816 3332 ultre.

163 3359 229 3410 20³.
244 3362 298 3411 Aut
306 3359 398 3428 perdet.
413 3357 480 3412 cod.
495 3363 586 3425 ⁸026,
600 3372 643 3412 aut
651 3363 759 3430 perimet.

165 3437 227 3490 205.
241 3437 328 3507 Regni.
342 3436 411 3491 eod.
427 3441 515 3508 8029,
529 3441 599 3509 regis.

165 3533 232 3586 ²⁰7·
253 3519 313 3568 Tam
325 3519 392 3583 sem
409 3536 478 3588 quarn
497 3517 604 3572 nudam
624 3518 666 3571 Sic
685 3516 855 3572 Florentium
873 3528 899 3570 et
918 3515 1000 3570 Paris.
1016 3513 1075 3570 cod.
1094 3516 1180 3571 8263.

119 3597 193 3649 Ante
208 3595 391 3663 Gronoviurn,
408 3616 478 3670 qnam
487 3599 555 3663 serre
569 3611 618 3650 tem
636 3597 744 3660 laudare,
761 3595 834 3668 quod
851 3609 878 3649 et
895 3596 924 3648 in
937 3595 1071 3667 plerisque
1085 3596 1182 3648 nostris

119 3675 256 3746 reperitur
269 3675 345 3728 MSS.

165 3773 229 3807 seo.
239 3755 269 3806 ln
280 3756 321 3806 ille
329 3757 489 3824 ...eufrati-e.
499 3755 576 3810 MSS.
588 3754 677 3828 6395,
686 3759 711 3808 in
720 3758 773 3809 isto.
785 3757 890 3809 Ascens.
901 3753 1006 3824 Grypb.
1018 3752 1181 3824 utLugdun.

119 3833 255 3887 Delrionis
265 3871 273 3898 ‚
284 3839 310 3886 in
320 3835 403 3887 mum.
416 3839 473 3887 ..in
482 3837 595 3901 fratrem.
606 3833 669 3888 Viti.
683 3853 742 3906 ques
754 3847 842 3888 notnv.
853 3853 882 3905 p.
897 3832 962 3886 236.

164 3932 198 3965 ss
206 3931 230 3965 t.
246 3913 328 3982 Quid.
340 3953 346 3965 .
359 3917 478 3968 astute.
492 3913 536 3968 sie
549 3915 578 3968 in
587 3915 720 3987 plerisque
732 3914 806 3967 MSS.
819 3931 868 3966 nec
881 3909 946 3984 quitl
957 3910 1080 3982 expediet
1089 3911 1181 3966 locunt

119 4004 228 4046 mutere
239 3990 329 4045 video.
342 3996 463 4046 Attamen
477 3993 505 4046 in
516 3994 619 4048 Febric.
629 3993 740 4065 llapbel.
754 3993 884 4047 Commel.
899 3992 989 4044 lisine.
1003 3991 1081 4044 Fero.
1096 3992 1179 4062 Thys.

136 4071 198 4126 uod.
212 4111 217 4125 .
230 4075 342 4126 arinen.

119 4091 135 4143 q
163 4150 369 4220 susspectum
388 4156 510 4225 antiquum
528 4155 627 4224 inperii.
645 4153 778 4206 Portunus
793 4169 825 4206 ex
840 4150 999 4204 Crnserieno
1017 4168 1067 4203 suo
1082 4148 1184 4220 legebat

118 4233 240 4302 specimen
256 4234 351 4304 antiqui
362 4235 461 4303 imperii,
479 4233 592 4286 silerens
606 4231 673 4286 illud
687 4231 812 4287 Pbteniss.
832 4232 884 4296 18⁴
898 4248 906 4283 :
923 4255 934 4277 ι
946 4229 1008 4282 Non
1020 4242 1046 4282 te
1061 4241 1092 4282 ut
1104 4225 1184 4280 redu·

931 4321 997 4406 22⁵
