3090 5142
322 473 452 568 xxxviij
476 475 584 544 DAN.
605 471 773 544 HEINSII
797 473 860 542 DE
882 474 954 542 HIS
978 476 1114 545 TRAG.
1138 476 1337 546 DISSERT.

260 633 263 638 ·
319 605 474 694 jungam:
489 592 649 670 luxuriam
659 619 768 669 autem
778 605 871 668 istam
882 625 920 668 ao
930 602 1177 670 redundantiam
1195 629 1260 670 non
1273 606 1385 688 habet,

322 711 414 774 humi
437 711 536 799 serpit
550 726 675 792 umen,
700 725 760 774 eto.
775 708 898 798 (Lugd.
914 711 1166 798 Batauorum.)

320 916 417 981 Qualia
427 913 498 988 apud
509 915 635 970 Seooom
648 914 837 986 Philosophum
850 915 950 988 partim
961 927 1115 969 occurrunt.
1124 914 1183 969 Hoc
1192 915 1321 988 imposuit
1330 915 1387 970 viro

321 1006 403 1078 hujtra
419 1015 496 1060 aectae
508 1003 689 1060 amentittimo
704 1004 781 1056 Justo
798 1002 897 1075 Lipeio.
916 1000 977 1056 Jam
997 1021 1045 1076 pro
1064 1005 1184 1076 gnomis,
1202 1023 1263 1078 qun
1279 1005 1306 1057 in
1324 1006 1387 1058 uni·

320 1111 426 1146 varrum
444 1093 526 1148 vitam
544 1091 702 1157 informant,
722 1090 814 1162 quale·
827 1090 856 1142 in
871 1088 1013 1143 Phoeniuia
1024 1091 1113 1162 plures
1127 1109 1208 1164 qnam
1229 1091 1307 1160 alibi,
1318 1091 1387 1145 Stoi-

321 1199 414 1236 oorum
430 1181 485 1235 lere
498 1180 593 1254 placita
610 1177 756 1250 inspergit3
773 1177 887 1241 oblitae,
906 1175 1012 1249 quoda
1031 1194 1137 1232 summo
1156 1178 1310 1232 criticorum
1332 1181 1388 1232 Ari-

321 1270 414 1323 ttotele
427 1267 548 1333 docetur,
563 1264 694 1339 populum
717 1264 849 1338 paudere,
871 1275 958 1337 qoam
979 1265 1008 1317 in
1031 1283 1129 1337 genere
1150 1263 1180 1318 id
1202 1267 1294 1332 audit,
1312 1267 1387 1340 quod

321 1371 412 1410 aecum
426 1355 481 1428 ipoe
493 1354 580 1428 quivis
593 1371 687 1407 veram
701 1371 758 1406 aare
768 1351 891 1424 judicat:
906 1351 978 1406 unde
991 1353 1133 1425 applaoeut
1143 1352 1194 1407 iate
1205 1365 1285 1425 atque
1296 1353 1387 1407 exsul·

319 1443 401 1498 totio:
419 1455 446 1498 et
453 1442 527 1496 hunc
536 1459 593 1496 eene
603 1459 681 1494 otum
695 1457 862 1512 gnomarum.
872 1439 1015 1512 Nunquam
1026 1451 1115 1494 autem
1124 1440 1195 1494 orbis
1207 1441 1311 1495 Stoicus
1321 1443 1386 1506 luit,

320 1529 453 1608 nequead
465 1527 598 1602 paradoxa
611 1527 724 1600 quiaque
735 1527 857 1601 profecit.
873 1527 969 1600 Itaque
979 1527 1033 1582 hoo
1051 1539 1077 1581 et
1092 1529 1193 1583 Seneca
1210 1523 1320 1603 olorque
1334 1549 1388 1583 eeu

322 1619 415 1683 ravit,
432 1629 543 1690 propter
555 1635 613 1670 eam
630 1633 830 1687 ennumquam
846 1612 912 1667 dixi.
930 1616 987 1667 ilex
1003 1615 1240 1688 philoaoplrorum‚
1258 1617 1386 1670 ineffabili

322 1707 486 1772 urbanitate,
498 1705 539 1764 rit
557 1712 598 1758 τοῦ
611 1703 709 1774 θεάτρου
727 1703 863 1767 deliraret,
878 1705 967 1755 thedor
979 1707 1182 1770 imbecillitatem,
1200 1705 1312 1760 vocarit.
1324 1705 1384 1758 Iam

320 1795 363 1847 hia
380 1794 459 1867 ipaia,
473 1791 577 1866 quoties
594 1791 696 1844 luxuria
721 1801 747 1843 et
766 1790 858 1862 inepta
880 1789 982 1845 aceedit
1001 1791 1192 1860 redundantia,
1213 1793 1338 1858 tedium,
1355 1797 1386 1845 ut

320 1881 432 1956 amplior
442 1881 511 1936 nihil
520 1879 620 1948 dioam,
628 1897 684 1933 non
696 1877 869 1952 applausum,
884 1877 995 1934 eruditio
1008 1893 1124 1935 movent.
1135 1881 1207 1937 Siout
1218 1882 1278 1949 illa,

466 2047 773 2069 ..................
790 2016 833 2081 qni
843 2017 910 2082 cogit
920 2017 984 2066 mori

461 2101 608 2158 Nolentem,
620 2099 647 2148 in
659 2115 730 2164 loquo
742 2107 792 2158 eat,
801 2099 892 2163 quique
900 2112 1072 2165 properantem
1081 2102 1191 2168 impedit.

461 2183 515 2232 Neo
528 2194 610 2232 tamen
622 2184 649 2230 io
659 2197 730 2247 aequo
739 2191 775 2230 eat
787 2199 794 2230 z
805 2182 907 2230 alterum
918 2184 1015 2248 gravior
1029 2199 1092 2234 reor.

462 2265 531 2315 Malo
544 2266 658 2332 imperari
669 2279 742 2330 quem
754 2265 818 2331 eripi
831 2275 936 2315 mortem
948 2267 1016 2316 milri.

321 2431 463 2504 Quidlibet
475 2435 545 2489 enim
558 2453 591 2490 ex
607 2434 658 2488 illia
673 2434 833 2489 sufficiebat.
846 2435 924 2488 Nunc
943 2453 998 2489 non
1015 2435 1153 2509 OEdipum
1168 2437 1257 2511 loqui,
1276 2439 1324 2494 ted
1342 2459 1384 2496 au·

320 2537 421 2579 ctorem
432 2522 525 2577 ludere
541 2535 567 2577 et
582 2537 689 2596 captare
707 2523 813 2596 copiam
830 2522 972 2595 intelligas.
993 2523 1054 2579 llaec
1071 2525 1214 2596 prolixius,
1227 2527 1256 2580 in
1272 2530 1384 2600 gratiam

321 2631 432 2677 eorum,
441 2611 489 2684 qui
498 2631 655 2686 magnorum
664 2611 804 2666 hominum
815 2609 916 2684 judicia
929 2631 984 2667 noa
996 2611 1138 2678 estimant,
1154 2613 1201 2669 aad
1213 2617 1385 2688 pertinaciter

322 2697 478 2754 defendunt.
