3118 5138
309 426 623 518 TESTIMONIA
649 425 960 508 AUCTORUM,
981 437 1042 540 ege.
1144 423 1198 493 clv

399 637 482 698 [osu
500 657 534 698 m
553 634 636 698 Vm
652 635 802 715 Seneca,
820 656 887 698 car.
910 631 939 696 5.

185 795 275 859 Vixit
289 794 324 858 in
340 793 450 857 exsilio
468 815 570 856 annos
587 793 713 857 circiter
729 809 803 857 octo
819 816 826 856 :
844 791 1030 873 ctiortiter,
1040 793 1199 876 immo,ut

145 903 209 990 ipse
227 899 288 980 ait,
311 897 445 962 feliciter
468 898 564 979 vixit,
585 898 716 985 optimis
734 895 847 961 studiis
871 895 1200 988 meditationibusque

33 1023 34 1050 ³
145 1007 298 1068 intentus.
320 1005 370 1066 Ita
384 1003 471 1066 enim
486 1002 527 1066 ad
542 1018 675 1067 matrem
694 1003 783 1090 (cap.
797 1002 837 1091 d)
853 1025 861 1066 τ
875 1003 961 1066 Inter
983 1020 1036 1066 eas
1057 1025 1105 1068 res
1127 1005 1200 1069 bea·
1245 995 1251 1004 ’

146 1123 207 1172 tum
220 1131 252 1172 se
259 1130 337 1187 esse,
348 1129 422 1195 quoe
431 1106 531 1174 solent
542 1108 665 1170 miseros
662 1105 778 1194 secere
787 1131 799 1171 :
807 1123 839 1171 et
852 1107 1069 1194 pulcherrime
1079 1109 1198 1175 deinde

150 1212 255 1298 (vide,
274 1211 385 1298 sodes)
399 1209 661 1300 philosophatur.
679 1211 779 1276 Addit
797 1212 831 1274 in
848 1228 992 1276 extremo
1012 1211 1102 1302 (cap.
1121 1215 1201 1300 ult.)

150 1336 179 1384 et
192 1321 344 1408 assurgit:
364 1317 498 1408 Qualem
511 1321 699 1406 mecogites,
723 1320 853 1408 accipe,
872 1335 931 1383 etc.
966 1319 995 1383 Ο
1015 1318 1200 1401 hominem,

151 1451 169 1489 o
185 1426 277 1490 verba
293 1425 446 1490 honesta!
463 1447 534 1512 quae
549 1424 666 1488 imitari
675 1423 814 1487 Octaviae
826 1423 985 1514 tragoediae
999 1441 1112 1490 auctor
1121 1425 1201 1512 (non

33 1539 34 1560 ³
152 1530 232 1592 enim
242 1529 308 1618 ipse
321 1553 328 1594 ι
342 1528 460 1616 apage)
473 1527 590 1609 voluit,
604 1527 654 1591 his
665 1527 828 1610 versibus,
842 1517 875 1591 in
888 1550 1026 1615 persona
1041 1529 1168 1593 Seneeee
1182 1553 1189 1591 :

282 1685 377 1738 Melius
389 1685 519 1747 latebam,
531 1685 626 1757 procul
639 1684 673 1738 ab
686 1684 791 1738 invidie
802 1686 878 1738 malie

284 1777 421 1838 Remotua,
436 1773 505 1826 inter
516 1772 618 1826 Corsici
627 1791 708 1845 rupea
721 1773 814 1836 marim
922 1795 925 1802 ·

283 1861 335 1914 Ubi
345 1861 412 1914 libet
424 1861 544 1925 animus,
558 1871 584 1913 et
593 1860 635 1932 ¹aui
646 1860 729 1933 juris,
743 1860 808 1912 mihi

283 1949 390 2021 Semper
402 1949 526 2015 vambai,
545 1947 632 2001 studia
644 1947 771 2001 recolenti
788 1965 855 2002 met.

283 2035 307 2088 0
318 2054 397 2107 quarn
406 2036 514 2106 juvabat
526 2038 591 2105 (quo
600 2034 666 2086 nihil
678 2036 762 2106 majus
772 2053 873 2106 parens¹

283 2121 382 2174 Natura
395 2123 501 2193 genuit,
518 2121 605 2192 operit
617 2121 739 2174 immensi
751 2121 870 2187 artifex),

284 2210 382 2264 Culum
394 2209 506 2276 intueri,
521 2209 588 2263 Solis
597 2223 623 2263 et
635 2229 730 2264 currus
741 2210 843 2263 sacros!

193 2358 252 2423 Sed
262 2375 352 2423 notes
367 2359 401 2422 in
414 2359 514 2447 ipsius
528 2359 655 2422 Senecae
670 2359 775 2422 verbis
792 2380 906 2446 supra,
921 2357 1200 2422 Levion'busetiem

155 2465 195 2528 ibi
203 2465 306 2528 stridzi's
318 2489 349 2529 se
362 2464 550 2544 oblectasse;
570 2485 641 2551 quae
656 2464 783 2552 poetica
799 2486 916 2528 censeo
931 2485 939 2526 ε
956 2480 988 2526 et
1001 2479 1100 2528 exstat
1115 2463 1201 2526 iniis

157 2569 281 2635 Medea:
297 2593 394 2658 quam
418 2572 452 2636 in
480 2571 590 2633 exsilio
613 2571 779 2658 scriptam,
798 2592 865 2657 quo
883 2584 1029 2656 tempore
1048 2561 1200 2633 Claudius

155 2675 337 2740 Britanniam
353 2676 497 2765 subegit,
516 2675 596 2739 mihi
618 2697 709 2763 paene
723 2691 848 2739 certum
864 2697 872 2737 ε
899 2661 998 2762 atque
1014 2673 1095 2738 adeo
1111 2696 1201 2762 argu·

158 2797 290 2848 mentum
309 2779 390 2874 illud
412 2781 507 2870 elegit
533 2779 574 2844 de
590 2781 720 2861 Iasone,
735 2796 772 2842 ut
788 2777 910 2868 aliquid
926 2779 1122 2867 inspergeret
1138 2781 1199 2842 sci-

156 2887 220 2952 lieet
233 2887 272 2953 de
292 2888 422 2952 Oceano
445 2886 589 2950 subacto.
614 2886 697 2948 Sane
712 2907 823 2949 versus
843 2885 888 2948 illi
906 2884 940 2947 in
966 2884 1091 2966 Chore,
1111 2905 1198 2970 quo,

158 2995 209 3057 niti
224 2993 262 3058 ad
280 2990 466 3072 Claudium,
485 2988 655 3078 spectant?

281 3129 400 3196 Parcite,
410 3147 427 3180 o
441 3127 513 3182 divi!
532 3128 635 3181 veniam
647 3145 796 3200 precamur,

281 3218 365 3272 Vivat
377 3229 406 3270 ut
417 3228 506 3282 tutus,
523 3234 595 3268 mare
607 3216 654 3288 qui
666 3215 779 3287 subegit.

194 3357 374 3444 lterumque
386 3378 394 3417 :

281 3497 340 3549 Jam
353 3496 429 3561 ntis,
443 3494 514 3562 divi,
526 3513 598 3548 marc
611 3491 778 3558 vindicatum

559 3580 663 3632 Parcite
671 3578 741 3632 divo.

197 3729 286 3812 Quod
304 3731 382 3794 item
397 3729 438 3794 ad
451 3727 640 3810 Claudium,
661 3707 721 3824 'etsi
742 3727 875 3790 vivum:
902 3739 934 3788 et
952 3724 1030 3789 deos
1050 3722 1113 3788 deo
1129 3725 1197 3787 vult

74 3892 77 3904 .
161 3855 287 3917 parcere,
302 3836 425 3924 poetica
442 3834 636 3900 adulatione.
