3240 5138
374 511 418 602 74
644 511 683 577 L.
710 509 891 579 tuum
917 509 1133 578 suanum

335 633 338 638 ¹
423 644 467 710 Et
481 654 577 709 nocte
591 641 747 735 quiddam
765 643 915 737 gravius,
930 655 964 712 et
978 643 1087 714 tristes
1101 641 1201 730 deos,

423 749 468 816 Et
485 744 551 816 fatu
566 748 630 815 vici
646 774 654 816 :
669 762 777 818 morte
792 762 981 843 contempta
1000 748 1090 818 redii.

425 852 513 941 Quid
529 867 630 922 restat
647 853 756 922 aliud?
770 853 854 941 vidi,
869 868 902 922 et
916 854 1044 924 ostendi
1058 853 1189 923 inferos.

423 960 495 1048 Da,
510 959 629 1052 siquid
644 959 730 1029 ultra
744 975 811 1048 est;
827 975 893 1029 tam
908 960 964 1029 diu
982 961 1102 1055 pateris
1117 983 1235 1028 manus

423 1066 561 1136 Cessare
575 1080 719 1154 nostras,
733 1064 842 1136 luno?
856 1091 928 1162 quae
943 1066 1030 1136 vinci
1041 1063 1158 1159 jubes?
1391 1096 1432 1136 εις

373 1256 424 1309 que
446 1236 591 1310 digesserit.
610 1239 652 1292 stc
673 1238 754 1294 Ovid.
770 1239 878 1293 Metam.
923 1239 1007 1310 ipsam
1019 1239 1183 1303 vioit,nocte
1194 1250 1291 1292 eterna
1300 1239 1429 1311 graviora.

372 1315 457 1382 1,5:
478 1343 489 1364 ι
508 1320 578 1371 Ante
599 1337 673 1373 mare
694 1331 721 1372 et
737 1319 814 1373 tellus
831 1332 877 1380 et,
963 1319 1030 1372 613.
1046 1317 1151 1371 Ostendi
1164 1319 1427 1387 mseras-rutnan-

372 1393 445 1468 quod
457 1397 815 1468 tegitomnie‚cnlum‚Unus
824 1411 880 1452 erat
922 1397 1038 1462 nultius,
1060 1391 1208 1452 Cerberum
1234 1397 1375 1470 significari
1401 1400 1431 1452 in

373 1489 431 1530 toto
446 1488 546 1530 naturas
558 1478 649 1530 vultos
660 1478 777 1540 inorbe,
792 1478 879 1544 Quem
922 1477 1009 1530 lucem
1025 1489 1161 1530 tractum:
1178 1478 1322 1550 intelligam
1341 1479 1432 1550 potius

372 1553 463 1608 dixere
486 1556 579 1622 cliaos,
600 1555 675 1610 rudis
695 1556 879 1629 indigestaque
922 1556 1079 1627 patefactum
1098 1555 1285 1610 defunctorum
1301 1557 1389 1611 aedem
1407 1570 1434 1612 et

372 1635 462 1689 moles.
475 1660 486 1682 ι
497 1636 531 1688 Et
541 1636 637 1689 Noster
649 1636 792 1707 inThyest.
805 1638 859 1706 829
871 1655 878 1692 ε
922 1655 992 1687 sacra
1003 1636 1064 1689 dim
1076 1636 1165 1688 Mortis
1177 1640 1203 1688 ln
1214 1648 1296 1708 aperto
1303 1639 1410 1708 jacentia
1422 1679 1431 1702 ,

372 1737 384 1758 ι
399 1753 407 1767 .
421 1754 428 1768 .
441 1753 448 1768 .
460 1731 494 1766 ne
508 1714 580 1768 fatali
599 1728 694 1769 cuncta
707 1716 783 1769 ruina
802 1734 880 1789 quas-
925 1727 957 1768 ut
971 1733 1031 1787 sup.
1045 1735 1071 1768 v.
1088 1717 1132 1770 ⁵6.

372 1806 427 1847 seta
441 1793 546 1858 labent,
558 1793 707 1866 iterumque
719 1793 782 1850 deos
795 1796 881 1849 homi·
964 1799 1030 1858 614.
1045 1797 1097 1849 Do.
1111 1795 1214 1860 Probe,
1227 1813 1347 1866 suggere.
1355 1794 1431 1866 Virg.

372 1891 473 1950 neuque
491 1887 595 1945 premet
612 1875 739 1928 Deforme
758 1875 847 1930 chaos.
864 1901 875 1923 ι
922 1875 1015 1929 Bucol.
1029 1876 1061 1939 Ι,
1078 1891 1130 1943 19:
1149 1900 1160 1922 ι
1177 1872 1229 1927 Sed
1249 1887 1361 1940 tumen,
1380 1875 1431 1928 iate

373 1952 448 2024 sape
461 1967 549 2007 tomen
563 1953 592 2005 in
605 1954 695 2024 soript.
711 1967 737 2008 et
750 1967 820 2026 poet.
833 1956 878 2008 lat.
922 1951 988 2007 deus
1004 1955 1052 2025 qui
1062 1954 1112 2021 sit,
1126 1951 1175 2019 da,
1189 1953 1297 2024 Tityre,
1313 1954 1399 2006 nobis.
1415 1981 1426 2002 ·

372 2032 503 2103 significet
522 2033 653 2103 gurgitem
670 2035 699 2087 in
713 2033 879 2106 profundum
923 2033 980 2086 ein.
992 2031 1118 2087 Academ.
1135 2045 1226 2103 quest
1241 2033 1273 2098 Ι,
1288 2035 1322 2087 3:
1336 2033 1387 2087 Sed
1397 2034 1431 2085 du

372 2124 399 2165 et
407 2112 565 2165 immensum
574 2125 720 2184 patentem
730 2115 801 2165 chaos
808 2113 880 2166 enim
923 2113 980 2164 milri
990 2131 1067 2175 nrutc,
1082 2114 1169 2164 satism
1178 2112 1290 2182 probas?

371 2191 501 2263 originem
524 2190 599 2244 ducit
621 2211 635 2244 a
654 2193 725 2260 χάω,
740 2194 795 2246 tto:
808 2191 880 2246 unde
964 2191 1030 2244 615.
1047 2193 1110 2262 Qua
1122 2195 1188 2243 vinci
1197 2191 1289 2262 jubes?
1302 2191 1364 2244 Nou
1378 2191 1431 2244 sibi

371 2289 422 2340 pm
444 2270 537 2326 inferis
556 2290 749 2343 nonnunquam
762 2273 879 2344 ponitur.
922 2270 975 2322 hoc
990 2270 1049 2324 looo
1059 2283 1206 2343 temperare
1218 2283 1303 2341 potest
1314 2271 1432 2324 Gallicus

372 2349 449 2421 Virg.
463 2353 523 2402 AEn.
538 2352 587 2414 tv,
604 2351 678 2406 510:
693 2377 704 2398 ι
719 2352 879 2406 Tercentum
922 2349 1070 2421 interpres,
1091 2351 1189 2421 Coepi,
1206 2350 1272 2421 quin
1287 2351 1432 2416 exclamet,

372 2441 447 2482 tonet
457 2448 504 2483 ore
513 2427 777 2504 deos‚Erebumque,
785 2432 879 2485 chaos·
922 2426 1098 2484 admiratione
1119 2431 1202 2484 elatus
1226 2443 1252 2483 et
1278 2430 1432 2486 exsultans:

372 2526 433 2580 que.
451 2533 462 2558 ι
484 2507 525 2560 ld.
539 2509 596 2575 Vl,
616 2509 671 2564 265
685 2529 692 2563 :
710 2537 721 2558 ι
734 2511 768 2563 Et
783 2511 879 2577 choos,
924 2507 992 2561 Cetea
1002 2514 1086 2580 penset
1097 2521 1132 2562 est
1144 2509 1247 2580 stqterbe.
1256 2508 1276 2562 S
1279 2510 1306 2560 'il
1317 2514 1382 2561 avait
1394 2509 1434 2562 dit

1600 264 1613 693 t

373 2600 400 2640 et
410 2586 591 2657 Phlegethon,
605 2588 663 2644 luen
682 2602 760 2644 nocte
775 2591 879 2644 silentio
922 2589 1085 2659 simplemam:
1101 2616 1114 2658 ιΙ
1125 2590 1179 2658 (lue
1186 2591 1342 2642 unuln-vous
1353 2609 1398 2661 que
1404 2592 1433 2659 je
1525 2625 1526 2630 =

373 2669 433 2721 late.
447 2693 458 2714 ι
468 2664 549 2720 ovid.
561 2666 630 2720 Fast.
646 2669 702 2732 IV,
716 2668 790 2738 597:
807 2697 817 2718 ι
835 2671 881 2723 Ju·
922 2671 1027 2740 uainq1oe
1037 2677 1143 2721 encore?
1161 2695 1172 2717 ι
1185 2668 1257 2721 l’t'de‘e
1269 2675 1309 2721 eu‘t
1321 2673 1359 2720 e'te'
1372 2688 1434 2720 conr·

372 2747 443 2817 piter
465 2745 535 2802 hanc
554 2745 705 2807 (Cererem)
730 2747 818 2814 lenit,
840 2750 879 2802 la·
923 2766 999 2800 mune.
1015 2749 1056 2802 On
1070 2747 1211 2802 conviendra
1228 2769 1271 2819 que
1286 2749 1430 2800 oemonolo·

372 2838 498 2898 utumque
505 2838 610 2878 excuset
618 2845 724 2880 amore:
736 2827 792 2882 Nee
800 2847 880 2898 gener
922 2845 969 2896 gne
981 2839 1016 2879 est
1028 2829 1057 2879 de
1074 2829 1098 2878 ln
1111 2829 1167 2899 plns
1183 2828 1277 2896 grande
1293 2828 1390 2890 ὀιαιιτὸ,
1409 2840 1433 2878 et

372 2918 412 2959 est
432 2905 510 2958 nobis
524 2906 569 2958 ille
585 2905 605 2963 (
606 2907 698 2966 Pluto)
716 2904 880 2977 pudendus,
924 2907 1103 2978 qu'Hercnley
1116 2907 1186 2978 μανία
1203 2927 1259 2960 avec
1272 2907 1297 2959 la
1310 2907 1433 2976 grandem

373 2986 417 3038 ait.
433 2987 493 3039 Non
515 3003 564 3056 ego
587 2985 713 3039 nobilior.
734 2987 822 3040 Posito
842 3000 880 3040 est
924 2988 965 3057 qui
974 2990 1082 3038 convient
1094 2987 1110 3037 ὰ
1123 3007 1153 3038 nn
1165 2987 1198 3037 tel
1206 2986 1281 3038 laetos.
1291 2984 1365 3039 Adeo
1377 3005 1431 3038 non

373 3065 439 3120 mihi
463 3065 534 3136 regin
554 3064 643 3118 celo:
670 3064 789 3120 Possidet
815 3068 880 3120 alter
925 3065 1003 3118 tantis
1031 3063 1153 3119 laudibus
1182 3065 1375 3136 suffragamur,
1403 3077 1432 3117 ut

373 3157 467 3216 aqum
484 3145 549 3199 alter
564 3144 641 3198 inane
654 3145 740 3198 chaos.
758 3172 769 3193 ι
785 3147 881 3200 Noster
924 3143 1013 3196 omnia
1025 3145 1052 3196 in
1063 3145 1104 3197 his
1113 3143 1249 3198 redeuntis
1255 3143 1376 3197 Herculia
1386 3163 1432 3198 ro-

322 3225 324 3232 '
372 3225 402 3277 in
427 3223 500 3280 Med.
517 3243 558 3294 9:
586 3251 597 3272 ι
672 3225 757 3278 noctis
777 3239 881 3280 aeternas
924 3223 998 3276 cibus
1014 3225 1130 3278 allocuta
1146 3235 1173 3276 et
1188 3225 1255 3277 male
1269 3223 1375 3295 turgida
1387 3225 1431 3294 ju-

372 3304 467 3369 ehaos,
484 3323 574 3358 eversa
589 3304 691 3376 superis
709 3323 806 3375 regna,
822 3307 880 3359 Ma·
924 3300 1062 3370 dicemus3
1076 3303 1305 3375 magniloquentiae
1322 3317 1350 3357 et
1368 3321 1432 3356 ven·

373 3401 471 3456 neaqne
487 3384 582 3455 impios
589 3409 663 3438 .....
681 3396 707 3438 et
719 3403 787 3438 vers.
804 3391 879 3454 741:
925 3380 1061 3437 ditationis
1079 3401 1151 3448 esse,
1173 3400 1223 3436 nec
1242 3401 1311 3436 vera
1330 3383 1432 3453 magni·

375 3489 387 3512 ·
460 3463 539 3518 maus
555 3481 652 3518 omum
673 3476 750 3534 utque
770 3481 878 3535 opacam
924 3460 1043 3527 tudinis,
1061 3463 1083 3516 si
1101 3460 1224 3527 Alcides,
1246 3461 1279 3515 ad
1297 3462 1429 3514 Phoebum

371 3542 441 3596 Ditis
455 3543 573 3596 umbrosi
587 3541 706 3595 domum.
726 3569 737 3590 ι
923 3558 1064 3596 oonversua
1077 3581 1084 3610 ,
1096 3541 1190 3613 grandi
1206 3543 1291 3596 statim
1309 3541 1433 3594 oratione

413 3623 566 3678 erntvocee
574 3623 687 3694 quiddam
697 3625 803 3692 grunius.
818 3623 877 3676 Non
923 3621 1021 3674 abillo
1042 3621 1146 3674 veniam
1167 3634 1256 3693 petat,
1275 3618 1348 3691 quod
1369 3621 1433 3674 Cer·

370 3702 442 3754 enim
473 3701 588 3754 tenebris
618 3715 721 3756 tantum
749 3702 876 3755 horrendi
922 3699 1015 3752 berum
1034 3699 1067 3754 ad
1090 3701 1176 3756 lucem
1197 3700 1436 3766 abstraxerit510·

370 3792 433 3834 sunt
449 3779 545 3844 inseri,
567 3779 612 3834 aed
627 3796 654 3834 et
674 3781 791 3835 tristibus
803 3781 875 3846 deis,
920 3795 1046 3852 temque,
1069 3791 1095 3833 et
1114 3782 1288 3851 Neptunum,
1315 3792 1342 3833 et
1369 3779 1433 3833 deos

337 3899 338 3904 ,
371 3861 416 3931 qui
434 3873 524 3914 vetant
541 3879 701 3932 quemquam
721 3859 753 3913 ad
767 3879 875 3932 superes
920 3876 1012 3913 omnes
1027 3859 1110 3914 eciem
1125 3861 1217 3930 jubeat
1230 3859 1386 3925 reflectere,
1403 3858 1432 3912 id

370 3959 445 3993 auras
455 3938 593 4006 redit·e‚et
601 3941 685 3994 ferrea
695 3941 808 3994 fatorum
816 3941 874 4012 lege
918 3940 1034 4008 portenti
1050 3959 1105 3993 non
1121 3953 1285 4010 aspecturos;
1306 3959 1367 3992 mox
1384 3958 1432 3993 an·

369 4031 478 4073 cunctos
491 4020 560 4073 intra
573 4020 669 4090 stygias
683 4019 792 4091 paludes
803 4037 874 4072 coer·
919 4029 987 4084 tem,
1001 4039 1059 4091 qun
1073 4020 1129 4092 ipae
1138 4019 1229 4073 feeerit
1242 4038 1339 4084 manu,
1357 4029 1430 4072 tantu

368 4100 501 4152 centium:
516 4112 542 4151 nt
560 4098 704 4167 Herculea,
719 4119 778 4154 cum
795 4114 873 4152 nocte
916 4099 1072 4167 jactatione,
1084 4101 1154 4154 solus
1168 4112 1194 4154 et
1204 4101 1279 4154 nullo
1289 4097 1429 4166 audiente,

370 4191 486 4243 retorna,
507 4177 571 4232 deos
593 4191 618 4230 et
642 4181 693 4233 fota
714 4193 741 4232 et
759 4191 871 4232 mortem
917 4193 1037 4248 enarret,
1052 4192 1079 4233 ut
1092 4200 1119 4234 se
1130 4181 1275 4234 inferorum
1286 4197 1368 4252 regno
1380 4198 1433 4252 po»,
