3090 5142
486 533 794 604 DlssEltTATlo.
1100 537 1173 610 lxix

21 669 22 702 ³
102 654 277 740 uiuasque,
295 673 463 740 nusquam
482 651 670 741 cupiditates
690 671 769 742 apte.
786 652 994 738 adhibentur,
1009 678 1171 747 nusquam

99 759 212 826 mestit
226 758 434 847 exspectatio
451 759 606 824 continua
621 781 731 824 rerum
745 758 942 848 gradatione.

138 864 284 945 Omnia,
307 879 453 952 repetam
472 864 578 946 enirn,
599 865 634 928 in
658 864 711 928 his
729 863 887 953 tragoediis
908 864 949 930 ad
968 865 1172 947 injiciendam

98 969 366 1052 admirationem,
379 969 513 1034 minime
524 985 633 1036 autem
645 968 685 1034 ad
695 969 875 1034 movendos
884 971 1010 1036 anirnos
1021 973 1173 1043 ridentur

98 1073 357 1140 accommodata.
381 1075 455 1138 Huc
481 1089 604 1162 spectat
627 1095 756 1156 rerum,
775 1097 1004 1162 personarum,
1021 1077 1172 1147 bodonis

99 1181 307 1270 compositio.
318 1179 425 1244 Multa
433 1201 531 1267 supra
541 1195 829 1262 naturam,oontra
838 1197 985 1246 naturam
996 1187 1171 1252 nonnulla:

100 1287 189 1352 color
205 1283 375 1350 scribendi
393 1284 587 1372 plerumque
605 1285 742 1350 fucatus.
761 1286 842 1348 Duae
859 1302 986 1351 tanturn
1003 1291 1172 1378 tragoedia·

100 1415 171 1455 rum
186 1392 333 1480 speeies,
348 1391 401 1456 vel
415 1391 586 1456 horrentes
600 1390 746 1471 umbras,
763 1391 813 1455 vel
828 1391 1030 1458 scintillantia
1045 1395 1168 1462 lumina

99 1498 356 1585 preferentium.

144 1601 228 1684 Qute
253 1601 387 1666 Senecae
411 1616 543 1666 tractata
567 1615 646 1666 sunt
666 1617 872 1690 argumenta,
894 1603 1014 1683 jamin
1040 1628 1168 1672 scenam

100 1708 306 1796 prouslerant
319 1707 414 1796 graeci
426 1722 549 1796 poetae3
563 1723 596 1770 et
608 1706 643 1770 in
653 1706 817 1794 plerisque
830 1707 897 1772 suis
910 1708 1025 1774 fabulis
1037 1710 1168 1794 babuit,

103 1835 182 1908 quos
195 1811 401 1876 imitaretur:
417 1833 585 1898 quumque
594 1811 724 1875 illorum
742 1832 839 1898 opera
855 1833 915 1876 nec
931 1812 1025 1878 nobis
1043 1816 1167 1882 excide·

101 1919 183 1999 rint,
210 1940 252 1981 ex
279 1918 349 2007 ipsa
380 1917 621 2005 comparatione
648 1938 821 2006 possumus
855 1917 1021 2006 colligere,
1048 1921 1167 2008 quibus

102 2023 302 2112 approbetur
314 2046 376 2087 nos
389 2022 432 2087 de
448 2021 574 2112 tragicis
591 2023 719 2087 Seneca
732 2021 905 2086 virtutibus
921 2041 1008 2088 recte
1022 2028 1167 2094 sensisse.

104 2129 144 2194 Ut
153 2129 281 2217 aequius
290 2127 383 2208 juxta
395 2145 427 2194 ct
437 2126 598 2194 efficacius
607 2151 756 2218 agamus,
770 2128 854 2192 varia
863 2129 999 2194 omnino
1008 2148 1040 2196 et
1052 2132 1165 2200 diversi

106 2231 226 2322 generis
240 2233 417 2298 afferemus
430 2234 585 2320 exempla.

143 2339 280 2404 initium
295 2337 436 2403 ducetur
453 2337 494 2402 ab
503 2335 692 2426 Hippolyto,
705 2359 804 2424 quem
817 2337 935 2402 Noster
947 2361 987 2405 ex
1003 2341 1166 2430 Euripidis

105 2444 252 2533 tragoedia
274 2441 418 2525 effinxit,
442 2465 508 2506 una
525 2443 611 2506 inter
626 2442 694 2523 ejus
715 2442 978 2509 absolutissimas.
1004 2447 1043 2510 ln
1062 2471 1166 2537 grreco

104 2551 244 2616 dramate
262 2551 430 2616 inducitur
449 2549 660 2640 Hippolytus,
685 2547 765 2614 dnm
783 2549 866 2616 redit
882 2575 901 2616 e
918 2553 1088 2620 venatione
1105 2554 1165 2620 llo-

104 2679 253 2745 resmque
269 2657 426 2721 corollam
440 2677 501 2720 arte
516 2656 627 2720 Diana
642 2677 702 2743 pro
715 2654 818 2720 domo
831 2673 999 2722 exstructae
1013 2658 1164 2748 imponit.

104 2761 250 2828 Proxima
277 2762 414 2826 Veneris
438 2783 492 2825 ara
515 2761 560 2825 illi
588 2761 777 2848 neutiquam
803 2761 989 2828 advertitur.
1017 2764 1068 2830 Ab
1098 2789 1166 2831 uno

103 2868 257 2932 comitum
274 2866 480 2948 admonitus,
500 2888 541 2929 ne
563 2865 687 2930 cultum
710 2863 778 2929 deae
801 2866 878 2931 velit
898 2867 1060 2951 omittere,
1078 2869 1112 2933 id
1130 2872 1162 2935 in

103 2973 304 3038 mueronem
313 2973 597 3061 arripit,'utpalarn
604 2970 923 3060 profiteaturquanto
931 2973 965 3036 in
974 2989 1165 3064 contemptu

103 3101 167 3142 earu
191 3079 331 3160 babeat,
357 3102 430 3166 quar
450 3095 553 3144 noctu
578 3091 704 3143 tautum
727 3078 852 3142 colitur.
876 3078 976 3142 Scena
1002 3078 1107 3144 brevis
1133 3100 1165 3146 et

102 3209 233 3250 summm
261 3185 369 3274 operis
396 3183 634 3252 accommodata
657 3183 723 3272 (r);
751 3183 809 3248 sed
835 3207 907 3271 quae
931 3183 1032 3248 latino
1060 3203 1163 3273 poetae

103 3290 254 3354 humilior
269 3289 428 3356 videatur.
452 3289 647 3378 Hippolytus
672 3289 772 3376 igitur
792 3289 826 3352 irs
850 3288 970 3352 Seneca
996 3289 1166 3356 exhibetur

133 3501 170 3564 (r)
185 3497 215 3550 si
236 3496 297 3570 quis
310 3493 345 3548 de
362 3495 415 3548 hac
431 3511 511 3548 scena
530 3511 580 3565 pro
598 3492 683 3546 nostri
699 3491 825 3563 temporis
843 3490 1015 3545 nstimatioos
1030 3491 1161 3565 judicium
1222 3485 1225 3494 ⁴

102 3585 181 3638 lacere
195 3583 320 3646 voluerit,
336 3602 365 3636 ea
385 3582 473 3635 forsan
488 3579 622 3633 videbitur
633 3596 812 3651 supervacua:
832 3593 886 3631 uon
900 3577 1010 3631 enimin
1024 3578 1067 3631 illa
1082 3583 1164 3654 magis

101 3671 230 3743 ingenium
243 3683 270 3724 ct
281 3672 395 3724 allectus
405 3669 545 3742 Hippolyti
554 3668 735 3729 declarantur,
749 3684 828 3738 quarn
849 3665 875 3718 in
889 3667 1070 3738 sequentibus,
1079 3684 1125 3724 aut
1135 3669 1163 3722 in

101 3759 155 3830 ipso
167 3761 290 3832 prologo.
304 3757 372 3822 Sed,
385 3769 415 3811 ut
430 3777 509 3812 suurn
519 3755 662 3828 Euripides
673 3755 837 3828 propositum
849 3767 1045 3826 assequeretur,
1058 3757 1162 3828 Hippo·

101 3849 168 3918 lytus
178 3847 277 3901 amoris
290 3847 369 3899 deam
381 3846 468 3898 statim
480 3844 515 3897 ab
527 3843 603 3896 initio
616 3842 789 3896 ferocioribus
803 3842 975 3894 insectaretur
988 3842 1074 3896 verbis
1088 3861 1165 3914 opor·

101 3935 157 3988 tuit.
167 3936 298 3990 ferocitas
311 3935 359 3988 illa
370 3972 378 3996 ‚
389 3949 543 4006 quanquam
552 3943 579 3984 st
590 3931 797 4004 virtutiy'unota‚
815 3944 841 3982 ct
854 3929 888 3984 ab
902 3947 945 3992 cs,
961 3940 991 3984 ut
1010 3929 1046 3983 ita
1059 3929 1164 3995 dicam,

99 4036 170 4083 orta.
185 4043 237 4078 non
258 4025 337 4096 cuipa
356 4041 449 4076 carere
470 4018 583 4092 antiquis
602 4018 762 4072 videbaturs
787 4016 860 4070 unde
880 4016 908 4070 in
928 4035 956 4069 ea
975 4017 1100 4089 tragedia
1113 4019 1164 4074 bac

18 4159 19 4168 .
99 4111 177 4164 cladis
191 4131 266 4166 causa
280 4110 419 4184 premitur·
431 4107 600 4182 Hippolytus.
