3210 5140
444 541 951 613 surusnvuusrouas.
1157 545 1227 641 193

164 671 210 725 sed
231 689 354 744 asperum
374 684 413 725 est
433 683 460 725 et
477 673 608 744 inelegans
627 686 677 726 sum
697 676 751 737 lic,
773 687 800 727 et
820 693 911 728 sensus
931 674 1136 747 proximitssque
1156 677 1230 732 vocis

164 752 263 806 Alcidae
275 751 337 808 satis
349 749 468 805 indicant
482 753 517 806 ab
534 772 566 806 eo
573 791 581 815 ,
598 772 654 806 non
667 755 700 807 ab
713 753 861 807 inferorum
874 752 990 808 dominis
1004 767 1152 808 monstrum
1168 757 1227 809 sin·

166 851 227 888 cm.

206 913 270 966 soa.
285 911 377 964 Vincit.
389 910 471 965 Liber
483 911 598 964 Ponmni
610 916 698 966 cussit.
712 913 784 965 Petr.
798 912 900 966 noterit
911 911 945 965 sd
958 930 1042 983 marg.
1056 917 1139 978 nectis,
1156 916 1230 986 qussi

165 991 317 1061 ambiguum
330 990 365 1043 sit
380 993 458 1042 abacis
471 1010 481 1043 :
496 989 542 1044 sed
558 989 616 1062 quis
630 992 783 1046 necessitate
799 1010 889 1045 sensus
906 1011 961 1046 non
974 1003 1112 1046 moneatur
1125 998 1230 1048 clarita

166 1074 265 1132 vincire,
281 1088 338 1123 non
352 1073 484 1134 sciscere,
497 1067 631 1124 derivari?

208 1150 241 1202 81
251 1169 275 1203 ι.
290 1151 389 1202 Fessus.
404 1149 487 1204 Paris.
503 1151 592 1219 θοις,
604 1169 698 1220 passus.

206 1231 274 1291 814.
295 1230 367 1282 Lucis
386 1231 491 1298 ι’ςιιοιιι,
510 1248 590 1283 noros.
604 1229 729 1302 Plerique
743 1227 818 1282 MSS.
835 1241 861 1281 et
876 1241 939 1283 vett.
956 1227 1016 1283 edd.
1032 1229 1112 1284 Fero.
1127 1233 1229 1286 Isosrd.

167 1307 254 1380 AEgid.
271 1309 368 1362 Philol.
381 1311 487 1363 Arcens
504 1310 598 1362 Arent.
613 1310 631 1362 1.
645 1313 751 1378 ignota,
765 1308 846 1362 bonos
860 1309 967 1380 Lipsius
982 1321 1028 1362 aut
1040 1327 1076 1362 ex
1089 1309 1165 1366 libris
1177 1315 1237 1366 suis·

166 1401 211 1442 ant
224 1407 257 1442 ex
269 1391 422 1460 conjectura
436 1386 553 1442 laudarit
563 1389 581 1441 Ι.
597 1391 614 1442 ι’.
631 1388 701 1452 bono,
712 1389 752 1442 sic
767 1389 945 1460 interpretans
961 1407 968 1441 s
985 1415 996 1436 ι
1006 1389 1151 1460 Postquam
1165 1393 1232 1447 Cer·

166 1469 249 1547 besue,
266 1487 362 1540 supere
381 1467 484 1538 attigit,
503 1479 530 1544 et
547 1467 613 1522 lucis
631 1466 745 1522 dulcedo
763 1486 794 1521 ac
811 1467 913 1520 bouum
932 1467 1034 1540 objecta
1053 1481 1116 1522 sunt
1134 1471 1234 1537 oculis,

166 1547 324 1612 luctatur»,
344 1561 394 1601 etc.
410 1547 482 1601 Delr.
499 1543 600 1616 (1594)
616 1546 649 1600 ad
665 1547 737 1600 bonos
752 1545 847 1613 rediit,
859 1545 937 1600 nullo
952 1547 1043 1602 codice
1057 1548 1091 1601 ab
1104 1549 1154 1604 bac
1168 1552 1233 1605 scri·

166 1639 243 1698 ptura
253 1625 411 1690 dissidente,
419 1644 469 1680 nec
478 1627 631 1698 requirente
640 1627 783 1693 sententia,
792 1638 822 1679 ιιι
829 1624 863 1679 ad
870 1627 1034 1697 conjecturas
1045 1640 1071 1681 et
1079 1629 1236 1684 novationes

167 1707 291 1760 abiretur.
308 1707 371 1760 Post
381 1725 443 1759 eum
456 1707 588 1760 Gruterus
601 1718 662 1778 apte
673 1719 700 1760 et
712 1707 841 1778 exquirite
854 1722 861 1758 τ
879 1705 1034 1777 ulugeniose
1047 1706 1170 1779 quidem,
1185 1711 1234 1782 qni

165 1799 322 1859 supponunt
340 1785 399 1838 lucis
415 1789 505 1856 ignosce
523 1785 591 1838 tono.
610 1783 664 1839 Sed
681 1805 771 1839 nonne
789 1786 951 1838 constructio
967 1787 1047 1840 nimis
1066 1802 1154 1842 coacte
1170 1793 1236 1844 tritor

164 1869 281 1937 percussit
295 1866 377 1918 oculos
389 1865 451 1918 borso
465 1865 525 1918 lueis
542 1868 631 1936 ι’ςιιοιω
646 1864 767 1929 videtur,
780 1877 907 1936 tantoque
924 1865 1006 1937 magis
1020 1865 1094 1940 quod
1111 1881 1234 1940 respectu

167 1945 276 2000 Cerberi
297 1945 343 1998 lus
364 1943 454 2015 potius
475 1943 557 1998 tristis
576 1943 628 1997 sit?
641 1971 652 1992 ι
675 1945 829 1998 Gronovius
849 1943 1001 2016 lipsianam
1021 1946 1233 2002 emendationem

167 2024 290 2096 probsvit
312 2036 340 2078 et
358 2023 464 2077 duobus
482 2023 609 2094 exemplis
625 2022 762 2090 defendit,
780 2042 877 2096 nempe
890 2023 1018 2090 Senecae,
1037 2025 1114 2098 epist.
1138 2047 1234 2087 ιιιιι,

171 2103 280 2158 «adbuc
292 2123 348 2158 non
362 2104 460 2156 fruitur
473 2104 547 2157 Ιιοιιο
563 2103 629 2157 lucis
640 2130 663 2167 ·,
680 2117 707 2158 et
718 2103 783 2158 Stat.
796 2103 883 2156 Theb.
894 2121 964 2170 vm,
980 2105 1029 2172 3³,
1042 2130 1052 2153 ι
1063 2103 1235 2180 jucundaque

167 2185 284 2238 offensus
298 2185 358 2237 luce
372 2183 494 2255 profatur
508 2211 530 2235 ·.
547 2180 601 2236 Sed
616 2185 740 2237 censebat
753 2183 885 2254 scripsisse
903 2195 1038 2238 auctorem
1054 2187 1137 2255 ἰςιιοιο
1154 2187 1234 2252 horo,

168 2276 225 2330 sut,
242 2283 292 2336 per
309 2263 472 2334 ιπιξὴγησιν,
491 2267 597 2334 &notum
618 2264 712 2317 mnam.
733 2264 857 2318 Attamen
877 2280 908 2316 ex
928 2259 1064 2336 Rntg'ersii
1085 2267 1235 2336 conjectura

168 2345 226 2397 lucis
237 2347 338 2414 ἰςιοιω,
352 2362 424 2396 noros
435 2343 521 2396 textui
533 2342 638 2409 intulit,
647 2345 700 2415 jam
714 2343 748 2396 ab
761 2342 888 2406 Heinsio,
901 2342 979 2396 Fam.
991 2354 1018 2398 et
1028 2343 1112 2417 Tbys.
1125 2344 1236 2418 adopte-

168 2437 240 2490 tum,
255 2421 385 2494 qnodque
402 2423 504 2494 recepit
520 2421 661 2476 Sobrosder
679 2423 737 2476 sine
756 2421 936 2476 annotatione.
955 2421 1054 2476 Badeo.
1073 2424 1101 2476 iu
1119 2423 1234 2497 Specirn.

167 2503 247 2557 scribi
254 2503 331 2574 jubet
341 2502 358 2557 l.
367 2505 383 2555 i.
393 2502 454 2555 bono
460 2543 468 2568 ,
482 2516 512 2556 ut
523 2501 615 2574 Lipsio
628 2501 777 2574 placuerat,
786 2514 816 2556 ut
824 2501 942 2556 Floreat.
956 2515 983 2556 et
993 2521 1063 2556 unns
1068 2504 1155 2558 Vetic.
1162 2505 1237 2558 exbi-

168 2583 278 2650 bebant,
292 2595 323 2635 ut
336 2581 419 2635 Paris.
433 2600 541 2654 quoque
553 2595 643 2635 noster
658 2583 743 2637 8025.
754 2582 886 2645 Botheus,
903 2581 966 2636 licet
981 2583 1009 2636 in
1025 2593 1152 2636 contextu
1168 2585 1236 2638 banc

168 2661 251 2734 ipsam
262 2661 404 2715 lectionem
411 2660 551 2727 adhibeat,
562 2674 653 2716 monet
664 2661 692 2714 iu
702 2661 772 2715 notis
780 2658 945 2717 Wakefield.
955 2660 988 2714 sd
998 2663 1105 2716 Lucret.
1114 2663 1157 2730 11,
1169 2667 1237 2728 418,

169 2745 258 2811 igsosoe
272 2741 346 2794 bosus
357 2742 519 2814 protulisse,
532 2739 606 2814 quod
621 2739 720 2795 Brdeu.
736 2742 765 2793 in
778 2739 842 2794 edis.
854 2735 955 2804 (1821)
969 2742 1096 2814 arripuit,
1110 2755 1140 2794 ut
1153 2761 1236 2796 renu-

168 2822 313 2876 stissimum
324 2835 351 2875 et
360 2820 535 2875 verissimum.
550 2819 605 2873 Nos
620 2833 705 2874 autem
719 2838 771 2874 nec
782 2821 962 2892 conjecturam
971 2819 1133 2876 Wakefield.
1148 2823 1235 2894 sequi-

169 2919 242 2965 mur,
257 2901 389 2974 quianon
403 2901 440 2953 ita
456 2901 518 2954 felix
532 2898 638 2954 ridetur
653 2904 718 2953 nitor
734 2899 817 2963 boum,
834 2899 980 2972 presertim
997 2917 1052 2954 uno
1068 2918 1146 2953 versu
1161 2901 1233 2957 inter

169 2985 232 3033 nitor
242 2995 269 3035 et
279 2980 353 3033 hortu
363 2981 516 3053 interjecto,
526 2989 557 3032 ut
567 2998 582 3032 a
594 2979 698 3051 vulgata
707 2977 873 3043 recedamuss
885 2997 935 3032 nec
947 2980 1081 3052 antiquam
1092 2979 1231 3034 lectionem

170 3060 251 3126 bonos,
261 3060 325 3133 quia
333 3060 406 3113 bonos
416 3063 507 3113 animos
517 3057 671 3130 languidum
682 3057 829 3130 judicamus
835 3079 844 3124 3
850 3076 899 3112 nec
911 3059 970 3112 lusis
980 3064 1070 3130 ι’ςιιοιιι
1079 3058 1149 3124 boas,
1164 3060 1235 3131 quis,

170 3141 236 3194 sicut
248 3141 395 3206 Gruterus,
410 3142 553 3193 verborum
564 3140 788 3212 compositionem
802 3158 858 3191 non
871 3138 933 3192 satie
948 3138 1126 3192 inaffectatum
1140 3139 1235 3211 opine·

171 3239 239 3274 snur.
251 3221 342 3273 Restat
355 3233 385 3272 ut
398 3223 576 3292 conjecturam
589 3219 721 3290 liutgersii
735 3218 933 3290 amplectamur.
1281 3270 1282 3274 ,

209 3301 277 3355 8ι5.
292 3299 402 3352 Viscellis.
417 3297 546 3353 Ortelisn.
559 3298 646 3370 Rapb.
659 3300 747 3362 cutus,
762 3296 836 3370 qnod
848 3309 875 3351 et
885 3297 914 3350 in
926 3294 1027 3350 lsnsrd.
1044 3299 1147 3351 Arcens.
1161 3299 1235 3352 Delr.

171 3379 249 3432 Grut.
266 3391 292 3433 et
305 3380 396 3433 Heius.

211 3460 277 3513 816.
293 3459 420 3512 Vsctorem.
435 3457 540 3531 Grypb.
557 3459 628 3512 Petr.
643 3458 755 3530 liapbel.
771 3457 902 3526 Commel.
919 3468 1044 3510 vectorem.

212 3540 279 3608 817.
293 3539 373 3592 Movit
384 3539 472 3609 gradu.
484 3538 581 3591 Philol.
594 3551 621 3592 et
635 3550 737 3609 septem
752 3537 846 3590 Pariss.
860 3557 891 3590 ιιι.
903 3535 1017 3606 gradum.

211 3618 275 3671 823.
292 3617 386 3671 Obortis
399 3639 447 3671 nos
460 3619 505 3680 sst',
520 3629 569 3671 etc.
582 3616 818 3672 Contendit'Botb.
833 3617 907 3669 bunc
922 3633 1027 3668 versum
1039 3633 1100 3669 cum
1115 3619 1235 3690 sequenti

172 3716 224 3750 non
238 3699 399 3752 consentire.
416 3697 466 3752 *Si
481 3698 567 3763 enim,
579 3697 684 3769 inquit,
699 3716 754 3750 nox
765 3698 860 3750 obortu
873 3707 927 3758 est,
944 3713 993 3748 cur
1004 3696 1094 3748 statim
1109 3717 1141 3750 ex
1153 3699 1237 3753 oculis

171 3777 302 3848 expulisse
317 3776 416 3832 dicitur
430 3777 503 3831 canis
516 3775 604 3842 diem,
617 3777 664 3849 qui
678 3777 768 3830 nullus
781 3775 851 3830 fnit?
864 3802 875 3824 ι
894 3774 1033 3830 Existimat
1045 3775 1127 3847 igitur
1141 3785 1235 3850 repr-oi

171 3857 261 3910 batum
282 3857 361 3911 luisse
380 3875 394 3910 ι
414 3857 515 3928 tragico
534 3875 658 3916 versum,
677 3858 762 3909 olores
779 3875 827 3909 nos
843 3868 878 3907 est
885 3895 894 3920 ,
916 3867 966 3909 etc.
986 3867 1013 3908 et
1035 3855 1109 3910 hunc
1128 3859 1237 3912 nonnisi

172 3938 279 3990 uncinis
291 3937 422 3991 inclusum
436 3935 568 4000 admittit,
580 3936 654 4007 qussi
663 3936 787 3990 inutilem
797 3948 825 3989 et
836 3935 1028 4007 importunum.
1040 3935 1177 3992 Erravisse
1186 3957 1238 4010 pu·

172 4027 257 4070 tamus
270 4018 417 4082 Botheum,
432 4017 479 4090 qui
493 4035 546 4069 non
558 4015 657 4070 viderit
670 4028 776 4070 noctem
791 4015 910 4070 Cerbero
921 4014 1044 4068 obortam
1059 4033 1090 4069 ex
1104 4016 1162 4088 ipso
1175 4017 1238 4071 solis

172 4095 329 4167 splendore,
350 4110 377 4151 et
395 4088 456 4150 hee
473 4095 583 4150 minime
601 4095 748 4161 contraria,
769 4095 871 4148 scilicet
887 4093 952 4148 binc
974 4095 1047 4148 nitor
1066 4095 1132 4150 lucis
1153 4098 1237 4151 aciem

174 4176 353 4248 perstringens
369 4187 394 4230 et
410 4177 548 4248 caliginem
562 4174 705 4230 offunderis
718 4175 816 4240 oculis,
833 4172 896 4233 inde
909 4174 1045 4227 oculorum
1062 4177 1240 4248 compressio,

233 4289 257 4352 1.
1042 4281 1085 4353 ιδ
