<?xml version="1.0" encoding="UTF-8"?>
<!DOCTYPE html PUBLIC "-//W3C//DTD XHTML 1.0 Transitional//EN"
    "http://www.w3.org/TR/xhtml1/DTD/xhtml1-transitional.dtd">
<html xmlns="http://www.w3.org/1999/xhtml" xml:lang="en" lang="en">
 <head>
  <title>
</title>
<meta http-equiv="Content-Type" content="text/html;charset=utf-8" />
  <meta name='ocr-system' content='tesseract 3.04.00' />
  <meta name='ocr-capabilities' content='ocr_page ocr_carea ocr_par ocr_line ocrx_word'/>
</head>
<body>
  <div class='ocr_page' id='page_1' title='image "./lannsenecparste02piergoog_0051.png"; bbox 0 0 3090 5142; ppageno 0'>
   <div class='ocr_carea' id='block_1_1' title="bbox 383 533 1445 564">
    <p class='ocr_par' dir='ltr' id='par_1_1' title="bbox 383 533 1445 564">
     <span class='ocr_line' id='line_1_1' title="bbox 383 533 1445 564; baseline -0.012 0"><span class='ocrx_word' id='word_1_1' title='bbox 383 533 1445 564; x_wconf 55' lang='lat' dir='ltr'>mmmmfflmmmffllssmmfflfflm</span> 
     </span>
    </p>
   </div>
   <div class='ocr_carea' id='block_1_2' title="bbox 889 749 942 802">
    <p class='ocr_par' dir='ltr' id='par_1_2' title="bbox 889 749 942 802">
     <span class='ocr_line' id='line_1_2' title="bbox 889 749 942 802; baseline 0 0"><span class='ocrx_word' id='word_1_2' title='bbox 889 749 942 802; x_wconf 84' lang='lat' dir='ltr'>DE</span> 
     </span>
    </p>
   </div>
   <div class='ocr_carea' id='block_1_3' title="bbox 576 913 1252 1024">
    <p class='ocr_par' dir='ltr' id='par_1_3' title="bbox 576 913 1252 1024">
     <span class='ocr_line' id='line_1_3' title="bbox 576 913 1252 1024; baseline -0.006 -1"><span class='ocrx_word' id='word_1_3' title='bbox 576 915 880 1024; x_wconf 80' lang='lat' dir='ltr'><strong>ANNAEO</strong></span> <span class='ocrx_word' id='word_1_4' title='bbox 931 913 1252 1020; x_wconf 85' lang='lat' dir='ltr'><strong>SENECA</strong></span> 
     </span>
    </p>
   </div>
   <div class='ocr_carea' id='block_1_4' title="bbox 402 1135 1432 1334">
    <p class='ocr_par' dir='ltr' id='par_1_4' title="bbox 402 1135 1432 1334">
     <span class='ocr_line' id='line_1_4' title="bbox 402 1135 1432 1229; baseline -0.014 -13"><span class='ocrx_word' id='word_1_5' title='bbox 402 1145 509 1216; x_wconf 86' lang='lat' dir='ltr'>UNO</span> <span class='ocrx_word' id='word_1_6' title='bbox 533 1141 953 1214; x_wconf 80' lang='lat' dir='ltr'><strong>TRAGOEDIARUM</strong></span> <span class='ocrx_word' id='word_1_7' title='bbox 974 1139 1093 1229; x_wconf 85' lang='lat' dir='ltr'>QUAE</span> <span class='ocrx_word' id='word_1_8' title='bbox 1112 1135 1432 1209; x_wconf 86' lang='lat' dir='ltr'><strong>SUPERSUNT</strong></span> 
     </span>
     <span class='ocr_line' id='line_1_5' title="bbox 660 1263 1161 1334; baseline -0.006 0"><span class='ocrx_word' id='word_1_9' title='bbox 660 1263 884 1334; x_wconf 85' lang='lat' dir='ltr'><strong>OMNIUM</strong></span> <span class='ocrx_word' id='word_1_10' title='bbox 904 1263 1161 1334; x_wconf 80' lang='lat' dir='ltr'>AUCTORE.</span> 
     </span>
    </p>
   </div>
   <div class='ocr_carea' id='block_1_5' title="bbox 516 1434 1308 1528">
    <p class='ocr_par' dir='ltr' id='par_1_5' title="bbox 516 1434 1308 1528">
     <span class='ocr_line' id='line_1_6' title="bbox 516 1434 1308 1528; baseline -0.005 -18"><span class='ocrx_word' id='word_1_11' title='bbox 516 1441 565 1523; x_wconf 80' lang='lat' dir='ltr'>(a</span> <span class='ocrx_word' id='word_1_12' title='bbox 586 1463 724 1510; x_wconf 69' lang='lat' dir='ltr'>roenna</span> <span class='ocrx_word' id='word_1_13' title='bbox 743 1461 899 1508; x_wconf 77' lang='lat' dir='ltr'>caenoso</span> <span class='ocrx_word' id='word_1_14' title='bbox 925 1461 1065 1508; x_wconf 78' lang='lat' dir='ltr'>canoro</span> <span class='ocrx_word' id='word_1_15' title='bbox 1091 1434 1308 1528; x_wconf 77' lang='lat' dir='ltr'>nnorzscn.)</span> 
     </span>
    </p>
   </div>
   <div class='ocr_carea' id='block_1_6' title="bbox 733 1607 1109 1640">
    <p class='ocr_par' dir='ltr' id='par_1_6' title="bbox 733 1607 1109 1640">
     <span class='ocr_line' id='line_1_7' title="bbox 733 1607 1109 1640; baseline 0 0"><span class='ocrx_word' id='word_1_16' title='bbox 733 1607 1109 1640; x_wconf 45' lang='lat' dir='ltr'>-n--oeae--m-</span> 
     </span>
    </p>
   </div>
   <div class='ocr_carea' id='block_1_7' title="bbox 331 1743 1454 2595">
    <p class='ocr_par' dir='ltr' id='par_1_7' title="bbox 331 1743 1454 2595">
     <span class='ocr_line' id='line_1_8' title="bbox 383 1743 1451 1859; baseline -0.003 -21"><span class='ocrx_word' id='word_1_17' title='bbox 383 1743 535 1843; x_wconf 75' lang='lat' dir='ltr'>Enniano</span> <span class='ocrx_word' id='word_1_18' title='bbox 551 1769 671 1834; x_wconf 86' lang='lat' dir='ltr'>librum</span> <span class='ocrx_word' id='word_1_19' title='bbox 682 1768 725 1832; x_wconf 91' lang='lat' dir='ltr'>de</span> <span class='ocrx_word' id='word_1_20' title='bbox 736 1768 801 1834; x_wconf 89' lang='lat' dir='ltr'>vita</span> <span class='ocrx_word' id='word_1_21' title='bbox 813 1782 845 1832; x_wconf 90' lang='lat' dir='ltr'>et</span> <span class='ocrx_word' id='word_1_22' title='bbox 860 1767 1005 1833; x_wconf 84' lang='lat' dir='ltr'>moribus</span> <span class='ocrx_word' id='word_1_23' title='bbox 1018 1769 1054 1833; x_wconf 91' lang='lat' dir='ltr'>L.</span> <span class='ocrx_word' id='word_1_24' title='bbox 1067 1771 1180 1835; x_wconf 70' lang='lat' dir='ltr'>annet</span> <span class='ocrx_word' id='word_1_25' title='bbox 1194 1769 1451 1859; x_wconf 79' lang='lat' dir='ltr'>Seneoaa&#39;,quen1</span> 
     </span>
     <span class='ocr_line' id='line_1_9' title="bbox 382 1873 1452 1967; baseline -0.001 -25"><span class='ocrx_word' id='word_1_26' title='bbox 382 1899 486 1967; x_wconf 82' lang='lat' dir='ltr'>nuper</span> <span class='ocrx_word' id='word_1_27' title='bbox 501 1874 642 1958; x_wconf 86' lang='lat' dir='ltr'>absolvi,</span> <span class='ocrx_word' id='word_1_28' title='bbox 659 1896 743 1963; x_wconf 87' lang='lat' dir='ltr'>saepe</span> <span class='ocrx_word' id='word_1_29' title='bbox 759 1873 801 1938; x_wconf 93' lang='lat' dir='ltr'>de</span> <span class='ocrx_word' id='word_1_30' title='bbox 819 1896 858 1938; x_wconf 89' lang='lat' dir='ltr'>eo</span> <span class='ocrx_word' id='word_1_31' title='bbox 874 1873 1073 1964; x_wconf 75' lang='lat' dir='ltr'><strong>cogitabam,</strong></span> <span class='ocrx_word' id='word_1_32' title='bbox 1092 1891 1212 1963; x_wconf 84' lang='lat' dir='ltr'>quamn</span> <span class='ocrx_word' id='word_1_33' title='bbox 1231 1876 1325 1942; x_wconf 91' lang='lat' dir='ltr'>nobis</span> <span class='ocrx_word' id='word_1_34' title='bbox 1340 1876 1452 1941; x_wconf 89' lang='lat' dir='ltr'>adbuc</span> 
     </span>
     <span class='ocr_line' id='line_1_10' title="bbox 383 1978 1450 2071; baseline -0.001 -24"><span class='ocrx_word' id='word_1_35' title='bbox 383 1983 524 2071; x_wconf 80' lang='lat' dir='ltr'><strong>supersit</strong></span> <span class='ocrx_word' id='word_1_36' title='bbox 539 1978 714 2044; x_wconf 88' lang='lat' dir='ltr'>mulu&#39;tudo</span> <span class='ocrx_word' id='word_1_37' title='bbox 731 2001 896 2062; x_wconf 88' lang='lat' dir='ltr'>errorum,</span> <span class='ocrx_word' id='word_1_38' title='bbox 912 1981 985 2067; x_wconf 91' lang='lat' dir='ltr'>qui,</span> <span class='ocrx_word' id='word_1_39' title='bbox 1004 1979 1038 2043; x_wconf 94' lang='lat' dir='ltr'>in</span> <span class='ocrx_word' id='word_1_40' title='bbox 1056 1980 1261 2046; x_wconf 81' lang='lat' dir='ltr'><strong>recensendis</strong></span> <span class='ocrx_word' id='word_1_41' title='bbox 1275 1981 1450 2047; x_wconf 86' lang='lat' dir='ltr'>doctorum</span> 
     </span>
     <span class='ocr_line' id='line_1_11' title="bbox 383 2085 1451 2175; baseline 0.001 -23"><span class='ocrx_word' id='word_1_42' title='bbox 383 2089 528 2152; x_wconf 82' lang='lat' dir='ltr'>virorum</span> <span class='ocrx_word' id='word_1_43' title='bbox 547 2086 775 2174; x_wconf 83' lang='lat' dir='ltr'>opinionibus,</span> <span class='ocrx_word' id='word_1_44' title='bbox 801 2107 868 2149; x_wconf 94' lang='lat' dir='ltr'>non</span> <span class='ocrx_word' id='word_1_45' title='bbox 890 2085 991 2150; x_wconf 92' lang='lat' dir='ltr'>modo</span> <span class='ocrx_word' id='word_1_46' title='bbox 1007 2087 1105 2175; x_wconf 85' lang='lat' dir='ltr'>vulgo</span> <span class='ocrx_word' id='word_1_47' title='bbox 1127 2087 1250 2170; x_wconf 85' lang='lat' dir='ltr'>afferri,</span> <span class='ocrx_word' id='word_1_48' title='bbox 1274 2087 1451 2153; x_wconf 88' lang='lat' dir='ltr'>sedetiam</span> 
     </span>
     <span class='ocr_line' id='line_1_12' title="bbox 375 2189 1454 2282; baseline -0.001 -24"><span class='ocrx_word' id='word_1_49' title='bbox 375 2192 453 2258; x_wconf 87' lang='lat' dir='ltr'>-sine</span> <span class='ocrx_word' id='word_1_50' title='bbox 476 2191 622 2256; x_wconf 82' lang='lat' dir='ltr'>examine</span> <span class='ocrx_word' id='word_1_51' title='bbox 645 2189 847 2278; x_wconf 66' lang='lat' dir='ltr'>praetermitti</span> <span class='ocrx_word' id='word_1_52' title='bbox 871 2205 903 2254; x_wconf 89' lang='lat' dir='ltr'>et</span> <span class='ocrx_word' id='word_1_53' title='bbox 925 2191 1093 2282; x_wconf 80' lang='lat' dir='ltr'>propagari</span> <span class='ocrx_word' id='word_1_54' title='bbox 1118 2192 1238 2256; x_wconf 80' lang='lat' dir='ltr'>solent!</span> <span class='ocrx_word' id='word_1_55' title='bbox 1262 2192 1301 2256; x_wconf 93' lang='lat' dir='ltr'>In</span> <span class='ocrx_word' id='word_1_56' title='bbox 1325 2193 1376 2257; x_wconf 91' lang='lat' dir='ltr'>his</span> <span class='ocrx_word' id='word_1_57' title='bbox 1392 2210 1454 2272; x_wconf 59' lang='lat' dir='ltr'>‚est</span> 
     </span>
     <span class='ocr_line' id='line_1_13' title="bbox 331 2292 1453 2386; baseline -0.001 -24"><span class='ocrx_word' id='word_1_58' title='bbox 331 2325 341 2341; x_wconf 65' lang='lat'>.</span> <span class='ocrx_word' id='word_1_59' title='bbox 383 2297 481 2362; x_wconf 87' lang='lat' dir='ltr'>etiam</span> <span class='ocrx_word' id='word_1_60' title='bbox 507 2295 646 2385; x_wconf 80' lang='lat' dir='ltr'>vulgaris</span> <span class='ocrx_word' id='word_1_61' title='bbox 676 2294 727 2358; x_wconf 94' lang='lat' dir='ltr'>illa</span> <span class='ocrx_word' id='word_1_62' title='bbox 757 2292 944 2359; x_wconf 81' lang='lat' dir='ltr'>criticorum</span> <span class='ocrx_word' id='word_1_63' title='bbox 969 2295 1148 2377; x_wconf 88' lang='lat' dir='ltr'>sententia,</span> <span class='ocrx_word' id='word_1_64' title='bbox 1179 2317 1251 2383; x_wconf 83' lang='lat' dir='ltr'>quae</span> <span class='ocrx_word' id='word_1_65' title='bbox 1281 2296 1453 2386; x_wconf 70' lang='lat' dir='ltr'>tragoedias</span> 
     </span>
     <span class='ocr_line' id='line_1_14' title="bbox 383 2389 1453 2488; baseline 0 -22"><span class='ocrx_word' id='word_1_66' title='bbox 383 2402 515 2482; x_wconf 88' lang='lat' dir='ltr'>decem,</span> <span class='ocrx_word' id='word_1_67' title='bbox 535 2399 655 2487; x_wconf 90' lang='lat' dir='ltr'>quibus</span> <span class='ocrx_word' id='word_1_68' title='bbox 675 2420 780 2462; x_wconf 90' lang='lat' dir='ltr'>unum</span> <span class='ocrx_word' id='word_1_69' title='bbox 803 2397 930 2462; x_wconf 79' lang='lat' dir='ltr'>Senecae</span> <span class='ocrx_word' id='word_1_70' title='bbox 948 2420 1068 2462; x_wconf 90' lang='lat' dir='ltr'>nomen</span> <span class='ocrx_word' id='word_1_71' title='bbox 1086 2399 1285 2482; x_wconf 79' lang='lat' dir='ltr'>inscribitur,</span> <span class='ocrx_word' id='word_1_72' title='bbox 1300 2389 1453 2488; x_wconf 87' lang='lat' dir='ltr'>pluribus</span> 
     </span>
     <span class='ocr_line' id='line_1_15' title="bbox 384 2503 1452 2595; baseline -0.001 -24"><span class='ocrx_word' id='word_1_73' title='bbox 384 2505 572 2571; x_wconf 85' lang='lat' dir='ltr'>auctoribus</span> <span class='ocrx_word' id='word_1_74' title='bbox 587 2503 711 2569; x_wconf 88' lang='lat' dir='ltr'>tribuit.</span> <span class='ocrx_word' id='word_1_75' title='bbox 730 2503 893 2568; x_wconf 90' lang='lat' dir='ltr'>Dicuntur</span> <span class='ocrx_word' id='word_1_76' title='bbox 904 2503 991 2567; x_wconf 89' lang='lat' dir='ltr'>enim</span> <span class='ocrx_word' id='word_1_77' title='bbox 1005 2503 1119 2592; x_wconf 71' lang='lat' dir='ltr'>aliquae</span> <span class='ocrx_word' id='word_1_78' title='bbox 1133 2526 1202 2570; x_wconf 86' lang='lat' dir='ltr'>esse</span> <span class='ocrx_word' id='word_1_79' title='bbox 1215 2507 1313 2595; x_wconf 85' lang='lat' dir='ltr'>patris</span> <span class='ocrx_word' id='word_1_80' title='bbox 1330 2507 1452 2595; x_wconf 81' lang='lat' dir='ltr'>Marci,</span> 
     </span>
    </p>
   </div>
   <div class='ocr_carea' id='block_1_8' title="bbox 382 2607 1454 3334">
    <p class='ocr_par' dir='ltr' id='par_1_8' title="bbox 382 2599 1454 3334">
     <span class='ocr_line' id='line_1_16' title="bbox 384 2607 1453 2701; baseline 0.001 -25"><span class='ocrx_word' id='word_1_81' title='bbox 384 2634 482 2701; x_wconf 89' lang='lat' dir='ltr'>quem</span> <span class='ocrx_word' id='word_1_82' title='bbox 497 2610 659 2675; x_wconf 87' lang='lat' dir='ltr'>rhetorem</span> <span class='ocrx_word' id='word_1_83' title='bbox 674 2609 832 2698; x_wconf 89' lang='lat' dir='ltr'>appellare</span> <span class='ocrx_word' id='word_1_84' title='bbox 846 2608 968 2692; x_wconf 91' lang='lat' dir='ltr'>solent,</span> <span class='ocrx_word' id='word_1_85' title='bbox 981 2607 1072 2674; x_wconf 90' lang='lat' dir='ltr'>Lucii</span> <span class='ocrx_word' id='word_1_86' title='bbox 1086 2609 1204 2676; x_wconf 89' lang='lat' dir='ltr'>deinde</span> <span class='ocrx_word' id='word_1_87' title='bbox 1216 2609 1287 2694; x_wconf 89' lang='lat' dir='ltr'>filii,</span> <span class='ocrx_word' id='word_1_88' title='bbox 1303 2612 1453 2701; x_wconf 90' lang='lat' dir='ltr'>philoso-</span> 
     </span>
     <span class='ocr_line' id='line_1_17' title="bbox 383 2715 1454 2808; baseline 0.003 -27"><span class='ocrx_word' id='word_1_89' title='bbox 383 2719 441 2806; x_wconf 90' lang='lat' dir='ltr'>phi</span> <span class='ocrx_word' id='word_1_90' title='bbox 462 2716 580 2798; x_wconf 87' lang='lat' dir='ltr'>Stoici,</span> <span class='ocrx_word' id='word_1_91' title='bbox 602 2715 734 2802; x_wconf 83' lang='lat' dir='ltr'>reliquae</span> <span class='ocrx_word' id='word_1_92' title='bbox 753 2737 883 2797; x_wconf 91' lang='lat' dir='ltr'>omnes,</span> <span class='ocrx_word' id='word_1_93' title='bbox 901 2731 1017 2803; x_wconf 86' lang='lat' dir='ltr'>praeter</span> <span class='ocrx_word' id='word_1_94' title='bbox 1036 2716 1217 2799; x_wconf 84' lang='lat' dir='ltr'>Octaviam,</span> <span class='ocrx_word' id='word_1_95' title='bbox 1237 2741 1311 2808; x_wconf 83' lang='lat' dir='ltr'>quae</span> <span class='ocrx_word' id='word_1_96' title='bbox 1335 2719 1454 2807; x_wconf 83' lang='lat' dir='ltr'>ignoto</span> 
     </span>
     <span class='ocr_line' id='line_1_18' title="bbox 383 2821 1454 2911; baseline -0.001 -20"><span class='ocrx_word' id='word_1_97' title='bbox 383 2824 512 2891; x_wconf 87' lang='lat' dir='ltr'>cuidam</span> <span class='ocrx_word' id='word_1_98' title='bbox 531 2837 634 2911; x_wconf 74' lang='lat' dir='ltr'>poetae</span> <span class='ocrx_word' id='word_1_99' title='bbox 656 2821 859 2886; x_wconf 88' lang='lat' dir='ltr'>adscribitur.</span> <span class='ocrx_word' id='word_1_100' title='bbox 882 2821 961 2886; x_wconf 91' lang='lat' dir='ltr'>Orta</span> <span class='ocrx_word' id='word_1_101' title='bbox 984 2821 1116 2911; x_wconf 91' lang='lat' dir='ltr'>quidem</span> <span class='ocrx_word' id='word_1_102' title='bbox 1139 2847 1208 2889; x_wconf 91' lang='lat' dir='ltr'>esse</span> <span class='ocrx_word' id='word_1_103' title='bbox 1230 2823 1359 2890; x_wconf 86' lang='lat' dir='ltr'>videtur</span> <span class='ocrx_word' id='word_1_104' title='bbox 1380 2826 1454 2890; x_wconf 83' lang='lat' dir='ltr'>haec</span> 
     </span>
     <span class='ocr_line' id='line_1_19' title="bbox 382 2925 1453 3025; baseline 0 -30"><span class='ocrx_word' id='word_1_105' title='bbox 382 2930 495 3019; x_wconf 91' lang='lat' dir='ltr'>opinio</span> <span class='ocrx_word' id='word_1_106' title='bbox 513 2929 551 2991; x_wconf 92' lang='lat' dir='ltr'>iis</span> <span class='ocrx_word' id='word_1_107' title='bbox 568 2928 788 3025; x_wconf 86' lang='lat' dir='ltr'>temporibus,</span> <span class='ocrx_word' id='word_1_108' title='bbox 804 2926 924 3015; x_wconf 85' lang='lat' dir='ltr'>quibus</span> <span class='ocrx_word' id='word_1_109' title='bbox 942 2926 1049 2994; x_wconf 92' lang='lat' dir='ltr'>adhuc</span> <span class='ocrx_word' id='word_1_110' title='bbox 1065 2925 1285 3013; x_wconf 79' lang='lat' dir='ltr'>dubitabatur,</span> <span class='ocrx_word' id='word_1_111' title='bbox 1303 2953 1389 2996; x_wconf 87' lang='lat' dir='ltr'>anne</span> <span class='ocrx_word' id='word_1_112' title='bbox 1404 2932 1453 2995; x_wconf 86' lang='lat' dir='ltr'>itti</span> 
     </span>
     <span class='ocr_line' id='line_1_20' title="bbox 382 3031 1453 3124; baseline 0.003 -25"><span class='ocrx_word' id='word_1_113' title='bbox 382 3035 429 3099; x_wconf 88' lang='lat' dir='ltr'>M.</span> <span class='ocrx_word' id='word_1_114' title='bbox 446 3051 479 3098; x_wconf 90' lang='lat' dir='ltr'>et</span> <span class='ocrx_word' id='word_1_115' title='bbox 492 3032 529 3097; x_wconf 91' lang='lat' dir='ltr'>L.</span> <span class='ocrx_word' id='word_1_116' title='bbox 543 3055 629 3097; x_wconf 91' lang='lat' dir='ltr'>unus</span> <span class='ocrx_word' id='word_1_117' title='bbox 645 3031 798 3120; x_wconf 89' lang='lat' dir='ltr'>idemque</span> <span class='ocrx_word' id='word_1_118' title='bbox 813 3032 933 3097; x_wconf 89' lang='lat' dir='ltr'>Seneca</span> <span class='ocrx_word' id='word_1_119' title='bbox 952 3033 1091 3116; x_wconf 82' lang='lat' dir='ltr'>fuerint,</span> <span class='ocrx_word' id='word_1_120' title='bbox 1107 3057 1222 3122; x_wconf 89' lang='lat' dir='ltr'>quem,</span> <span class='ocrx_word' id='word_1_121' title='bbox 1237 3057 1340 3124; x_wconf 89' lang='lat' dir='ltr'>quum</span> <span class='ocrx_word' id='word_1_122' title='bbox 1354 3036 1453 3118; x_wconf 81' lang='lat' dir='ltr'>jure·</span> 
     </span>
     <span class='ocr_line' id='line_1_21' title="bbox 383 3136 1452 3224; baseline 0.003 -19"><span class='ocrx_word' id='word_1_123' title='bbox 383 3141 433 3205; x_wconf 89' lang='lat' dir='ltr'>nis</span> <span class='ocrx_word' id='word_1_124' title='bbox 452 3139 641 3204; x_wconf 84' lang='lat' dir='ltr'>Ciceronem</span> <span class='ocrx_word' id='word_1_125' title='bbox 661 3136 851 3217; x_wconf 84' lang='lat' dir='ltr'>audivisset,</span> <span class='ocrx_word' id='word_1_126' title='bbox 872 3161 891 3201; x_wconf 91' lang='lat' dir='ltr'>a</span> <span class='ocrx_word' id='word_1_127' title='bbox 912 3136 1043 3202; x_wconf 87' lang='lat' dir='ltr'>Nerone</span> <span class='ocrx_word' id='word_1_128' title='bbox 1065 3155 1174 3205; x_wconf 91' lang='lat' dir='ltr'>autem</span> <span class='ocrx_word' id='word_1_129' title='bbox 1197 3157 1281 3206; x_wconf 89' lang='lat' dir='ltr'>esset</span> <span class='ocrx_word' id='word_1_130' title='bbox 1304 3143 1452 3224; x_wconf 90' lang='lat' dir='ltr'>occisus,</span> 
     </span>
     <span class='ocr_line' id='line_1_22' title="bbox 384 3241 1453 3334; baseline 0.005 -26"><span class='ocrx_word' id='word_1_131' title='bbox 384 3267 483 3334; x_wconf 89' lang='lat' dir='ltr'>supra</span> <span class='ocrx_word' id='word_1_132' title='bbox 516 3243 607 3310; x_wconf 85' lang='lat' dir='ltr'>CXX</span> <span class='ocrx_word' id='word_1_133' title='bbox 633 3264 736 3306; x_wconf 88' lang='lat' dir='ltr'>annos</span> <span class='ocrx_word' id='word_1_134' title='bbox 769 3241 885 3306; x_wconf 85' lang='lat' dir='ltr'>vixisse</span> <span class='ocrx_word' id='word_1_135' title='bbox 913 3242 1043 3330; x_wconf 90' lang='lat' dir='ltr'>quidam</span> <span class='ocrx_word' id='word_1_136' title='bbox 1071 3246 1301 3311; x_wconf 80' lang='lat' dir='ltr'>asseverabant.</span> <span class='ocrx_word' id='word_1_137' title='bbox 1334 3247 1453 3330; x_wconf 90' lang='lat' dir='ltr'>Quum</span> 
     </span>
    </p>
   </div>
   <div class='ocr_carea' id='block_1_9' title="bbox 338 3348 1454 4177">
    <p class='ocr_par' dir='ltr' id='par_1_9' title="bbox 338 3348 1454 4177">
     <span class='ocr_line' id='line_1_23' title="bbox 383 3348 1453 3441; baseline 0.004 -27"><span class='ocrx_word' id='word_1_138' title='bbox 383 3348 500 3414; x_wconf 89' lang='lat' dir='ltr'>deinde</span> <span class='ocrx_word' id='word_1_139' title='bbox 538 3349 664 3439; x_wconf 88' lang='lat' dir='ltr'>Lipsius</span> <span class='ocrx_word' id='word_1_140' title='bbox 699 3348 886 3436; x_wconf 89' lang='lat' dir='ltr'>probasset,</span> <span class='ocrx_word' id='word_1_141' title='bbox 918 3366 1075 3414; x_wconf 86' lang='lat' dir='ltr'>rectorem</span> <span class='ocrx_word' id='word_1_142' title='bbox 1113 3351 1203 3415; x_wconf 90' lang='lat' dir='ltr'>illum</span> <span class='ocrx_word' id='word_1_143' title='bbox 1236 3353 1453 3441; x_wconf 83' lang='lat' dir='ltr'>imperatoriae</span> 
     </span>
     <span class='ocr_line' id='line_1_24' title="bbox 379 3453 1451 3547; baseline 0.005 -29"><span class='ocrx_word' id='word_1_144' title='bbox 379 3455 520 3536; x_wconf 85' lang='lat' dir='ltr'>juventae</span> <span class='ocrx_word' id='word_1_145' title='bbox 538 3453 636 3518; x_wconf 80' lang='lat' dir='ltr'>fuisse</span> <span class='ocrx_word' id='word_1_146' title='bbox 652 3455 809 3535; x_wconf 91' lang='lat' dir='ltr'>Lucium,</span> <span class='ocrx_word' id='word_1_147' title='bbox 825 3453 1056 3543; x_wconf 83' lang='lat' dir='ltr'>philosophum</span> <span class='ocrx_word' id='word_1_148' title='bbox 1070 3457 1329 3547; x_wconf 84' lang='lat' dir='ltr'>Stoicumatque</span> <span class='ocrx_word' id='word_1_149' title='bbox 1346 3457 1451 3524; x_wconf 86' lang='lat' dir='ltr'>filium</span> 
     </span>
     <span class='ocr_line' id='line_1_25' title="bbox 381 3557 1452 3640; baseline 0.006 -18"><span class='ocrx_word' id='word_1_150' title='bbox 381 3559 519 3624; x_wconf 89' lang='lat' dir='ltr'>rhetoris</span> <span class='ocrx_word' id='word_1_151' title='bbox 550 3557 669 3640; x_wconf 85' lang='lat' dir='ltr'>Marci,</span> <span class='ocrx_word' id='word_1_152' title='bbox 700 3582 767 3623; x_wconf 93' lang='lat' dir='ltr'>non</span> <span class='ocrx_word' id='word_1_153' title='bbox 801 3557 976 3623; x_wconf 86' lang='lat' dir='ltr'>defuerunt</span> <span class='ocrx_word' id='word_1_154' title='bbox 1005 3559 1155 3626; x_wconf 92' lang='lat' dir='ltr'>homines</span> <span class='ocrx_word' id='word_1_155' title='bbox 1180 3563 1282 3626; x_wconf 89' lang='lat' dir='ltr'>critici</span> <span class='ocrx_word' id='word_1_156' title='bbox 1310 3565 1452 3629; x_wconf 90' lang='lat' dir='ltr'>nimium</span> 
     </span>
     <span class='ocr_line' id='line_1_26' title="bbox 383 3663 1452 3757; baseline 0.005 -29"><span class='ocrx_word' id='word_1_157' title='bbox 383 3665 533 3743; x_wconf 88' lang='lat' dir='ltr'>solertes,</span> <span class='ocrx_word' id='word_1_158' title='bbox 561 3665 619 3751; x_wconf 93' lang='lat' dir='ltr'>qui</span> <span class='ocrx_word' id='word_1_159' title='bbox 645 3663 776 3729; x_wconf 91' lang='lat' dir='ltr'>duobus</span> <span class='ocrx_word' id='word_1_160' title='bbox 805 3664 866 3727; x_wconf 89' lang='lat' dir='ltr'>illis</span> <span class='ocrx_word' id='word_1_161' title='bbox 895 3663 1025 3728; x_wconf 89' lang='lat' dir='ltr'>Senecis</span> <span class='ocrx_word' id='word_1_162' title='bbox 1055 3666 1165 3731; x_wconf 89' lang='lat' dir='ltr'>nescio</span> <span class='ocrx_word' id='word_1_163' title='bbox 1193 3690 1291 3755; x_wconf 82' lang='lat' dir='ltr'>quem</span> <span class='ocrx_word' id='word_1_164' title='bbox 1318 3686 1452 3757; x_wconf 85' lang='lat' dir='ltr'>poetam</span> 
     </span>
     <span class='ocr_line' id='line_1_27' title="bbox 383 3767 1452 3859; baseline 0.006 -25"><span class='ocrx_word' id='word_1_165' title='bbox 383 3771 551 3859; x_wconf 83' lang='lat' dir='ltr'>tragicum,</span> <span class='ocrx_word' id='word_1_166' title='bbox 560 3791 657 3857; x_wconf 90' lang='lat' dir='ltr'>quem</span> <span class='ocrx_word' id='word_1_167' title='bbox 664 3767 817 3832; x_wconf 89' lang='lat' dir='ltr'>Hadriani</span> <span class='ocrx_word' id='word_1_168' title='bbox 825 3785 916 3834; x_wconf 86' lang='lat' dir='ltr'>aetate</span> <span class='ocrx_word' id='word_1_169' title='bbox 923 3770 1039 3834; x_wconf 80' lang='lat' dir='ltr'>vbrisse</span> <span class='ocrx_word' id='word_1_170' title='bbox 1047 3771 1167 3849; x_wconf 81' lang='lat' dir='ltr'>ferunt,</span> <span class='ocrx_word' id='word_1_171' title='bbox 1181 3771 1253 3837; x_wconf 89' lang='lat' dir='ltr'>loco</span> <span class='ocrx_word' id='word_1_172' title='bbox 1263 3775 1359 3838; x_wconf 90' lang='lat' dir='ltr'>tertio</span> <span class='ocrx_word' id='word_1_173' title='bbox 1367 3775 1452 3840; x_wconf 89' lang='lat' dir='ltr'>libe-</span> 
     </span>
     <span class='ocr_line' id='line_1_28' title="bbox 338 3872 1453 3964; baseline 0.007 -27"><span class='ocrx_word' id='word_1_174' title='bbox 338 3903 340 3911; x_wconf 52' lang='lat'>&gt;</span> <span class='ocrx_word' id='word_1_175' title='bbox 383 3873 491 3938; x_wconf 83' lang='lat' dir='ltr'>naliter</span> <span class='ocrx_word' id='word_1_176' title='bbox 503 3872 729 3962; x_wconf 83' lang='lat' dir='ltr'>adjungerent.</span> <span class='ocrx_word' id='word_1_177' title='bbox 737 3872 799 3937; x_wconf 87' lang='lat' dir='ltr'>Alii</span> <span class='ocrx_word' id='word_1_178' title='bbox 808 3895 901 3955; x_wconf 85' lang='lat' dir='ltr'>vero,</span> <span class='ocrx_word' id='word_1_179' title='bbox 919 3873 1038 3962; x_wconf 88' lang='lat' dir='ltr'>quibus</span> <span class='ocrx_word' id='word_1_180' title='bbox 1053 3875 1275 3964; x_wconf 85' lang='lat' dir='ltr'>supposititius</span> <span class='ocrx_word' id='word_1_181' title='bbox 1293 3880 1346 3943; x_wconf 90' lang='lat' dir='ltr'>hic</span> <span class='ocrx_word' id='word_1_182' title='bbox 1361 3899 1453 3945; x_wconf 89' lang='lat' dir='ltr'>vates</span> 
     </span>
     <span class='ocr_line' id='line_1_29' title="bbox 380 3979 1451 4068; baseline 0.007 -25"><span class='ocrx_word' id='word_1_183' title='bbox 380 3979 474 4068; x_wconf 87' lang='lat' dir='ltr'>plane</span> <span class='ocrx_word' id='word_1_184' title='bbox 489 3979 620 4067; x_wconf 82' lang='lat' dir='ltr'>ignotus</span> <span class='ocrx_word' id='word_1_185' title='bbox 632 3993 712 4059; x_wconf 88' lang='lat' dir='ltr'>erat,</span> <span class='ocrx_word' id='word_1_186' title='bbox 727 3995 813 4042; x_wconf 89' lang='lat' dir='ltr'>certe</span> <span class='ocrx_word' id='word_1_187' title='bbox 822 4001 890 4042; x_wconf 90' lang='lat' dir='ltr'>non</span> <span class='ocrx_word' id='word_1_188' title='bbox 903 4002 1017 4044; x_wconf 90' lang='lat' dir='ltr'>omnes</span> <span class='ocrx_word' id='word_1_189' title='bbox 1028 3981 1060 4043; x_wconf 88' lang='lat' dir='ltr'>X</span> <span class='ocrx_word' id='word_1_190' title='bbox 1071 3981 1194 4046; x_wconf 80' lang='lat' dir='ltr'>fabulas</span> <span class='ocrx_word' id='word_1_191' title='bbox 1206 3981 1311 4048; x_wconf 89' lang='lat' dir='ltr'>eidem</span> <span class='ocrx_word' id='word_1_192' title='bbox 1324 3989 1451 4050; x_wconf 82' lang='lat' dir='ltr'>auctori</span> 
     </span>
     <span class='ocr_line' id='line_1_30' title="bbox 383 4080 1454 4177; baseline 0.004 -27"><span class='ocrx_word' id='word_1_193' title='bbox 383 4080 596 4173; x_wconf 83' lang='lat' dir='ltr'>adsignandas</span> <span class='ocrx_word' id='word_1_194' title='bbox 614 4105 684 4148; x_wconf 83' lang='lat' dir='ltr'>esse</span> <span class='ocrx_word' id='word_1_195' title='bbox 700 4099 892 4148; x_wconf 89' lang='lat' dir='ltr'>statuerunt.</span> <span class='ocrx_word' id='word_1_196' title='bbox 911 4085 949 4148; x_wconf 90' lang='lat' dir='ltr'>ln</span> <span class='ocrx_word' id='word_1_197' title='bbox 969 4086 1018 4149; x_wconf 91' lang='lat' dir='ltr'>his</span> <span class='ocrx_word' id='word_1_198' title='bbox 1035 4103 1127 4151; x_wconf 89' lang='lat' dir='ltr'>erant</span> <span class='ocrx_word' id='word_1_199' title='bbox 1145 4089 1254 4154; x_wconf 90' lang='lat' dir='ltr'>Justus</span> <span class='ocrx_word' id='word_1_200' title='bbox 1272 4091 1398 4177; x_wconf 91' lang='lat' dir='ltr'>Lipsius</span> <span class='ocrx_word' id='word_1_201' title='bbox 1420 4111 1454 4155; x_wconf 88' lang='lat' dir='ltr'>et</span> 
     </span>
    </p>
   </div>
   <div class='ocr_carea' id='block_1_10' title="bbox 0 0 1552 5142">
    <p class='ocr_par' dir='ltr' id='par_1_10' title="bbox 0 0 1552 5142">
     <span class='ocr_line' id='line_1_31' title="bbox 0 0 1552 5142; baseline 0 0"><span class='ocrx_word' id='word_1_202' title='bbox 0 0 1552 5142; x_wconf 95' lang='lat' dir='ltr'> </span> 
     </span>
    </p>
   </div>
  </div>
 </body>
</html>
