3240 5138
324 496 608 566 HERCULES
635 495 848 567 FURENS.
878 497 985 566 ACT.
1013 499 1089 566 ΙΙΙ.
1187 498 1236 593 89

230 627 357 698 Judicin
372 627 507 722 trepidis
530 651 602 697 sera
623 631 761 698 sortitur
782 629 855 697 reis.

231 733 352 802 Aditur
371 732 427 803 illo
448 735 609 804 Gnossius
631 737 743 806 Minos
765 735 855 820 for03

233 839 510 909 Rhadamanthus
532 839 608 928 illo;
626 839 774 910 Thetidis
797 841 861 910 hoc
882 839 974 908 audit
994 865 1095 910 socer.

181 1046 686 1116 dian.inRufin.11,476:·Quoeaitor
727 1045 831 1119 judices
854 1060 924 1100 aorte
951 1045 1067 1114 durno,
1086 1047 1160 1120 quod
1181 1063 1237 1103 erat

181 1125 208 1178 iu
224 1126 277 1179 alto
292 1125 460 1195 Conapienus
473 1126 541 1178 aolio
556 1139 688 1198 pertentat
730 1127 898 1198 quaesitoris,
918 1128 1044 1199 conjectis
1057 1128 1178 1180 omnium
1192 1130 1237 1200 ju-

180 1205 293 1257 crimina
311 1205 419 1270 Minoa,
433 1206 467 1258 Et
487 1205 566 1276 justia
583 1203 688 1260 dirimit
730 1205 821 1258 dicuin
834 1205 989 1260 nominibus
1004 1208 1032 1260 in
1049 1225 1142 1259 urnam
1155 1246 1162 1273 ‚
1176 1225 1236 1260 eam
1309 1220 1316 1234 0

180 1297 267 1336 aontea
280 1301 289 1336 ε
300 1301 367 1355 quoa
380 1283 452 1336 nolle
467 1283 543 1337 fateri
557 1283 686 1352 Viderit,
731 1303 874 1339 numerum
889 1283 1020 1350 educere,
1035 1287 1082 1358 qui
1097 1287 1171 1358 iege,
1185 1305 1237 1359 qua

180 1363 214 1416 ad
233 1360 314 1434 rigidi
330 1363 484 1417 transmittit
503 1363 612 1417 verbera
634 1365 688 1417 fra·
728 1363 861 1435 judicium
889 1367 1081 1429 exercebatur,
1111 1365 1236 1420 definitus

180 1443 237 1496 tria.
270 1443 340 1496 Nam
366 1444 441 1514 juxta
471 1442 688 1496 Rhadamanthus
730 1457 787 1496 erat
800 1461 808 1497 :
823 1441 887 1497 inde
900 1447 1015 1514 rejectio,
1032 1457 1059 1497 et
1072 1457 1164 1516 postea
1182 1447 1237 1498 snb·

181 1522 243 1592 agit.
262 1547 273 1568 ι
290 1553 331 1565 -
346 1521 409 1573 Alta
420 1522 483 1574 seda.
501 1547 513 1569 ι
525 1522 686 1588 Tribunali,
729 1519 833 1576 tortitia.
854 1524 915 1576 Hoc
930 1525 1040 1595 proprie
1056 1543 1065 1578 τ
1087 1525 1131 1578 hic
1153 1543 1236 1596 porro

179 1602 217 1655 ait
228 1600 337 1665 Delrio,
350 1619 406 1654 non
416 1601 549 1654 subsellio.
558 1601 688 1655 Tribunal
731 1619 780 1673 per
791 1601 975 1674 ayneedoahen
992 1604 1074 1675 perula
1080 1604 1174 1673 judicia
1185 1625 1237 1656 sor-

180 1680 259 1732 altiua
268 1692 297 1732 et
306 1679 387 1732 fixum
403 1679 556 1734 :minorum
566 1678 689 1750 judicum
732 1686 773 1734 tini
787 1699 838 1752 pro
859 1699 980 1736 exercere
1000 1681 1100 1754 judicia
1118 1684 1237 1754 ponitur.

179 1759 305 1812 aubaellia
319 1759 462 1828 inferiora,
474 1773 502 1812 et
518 1761 578 1814 loeo
596 1777 688 1813 rnore-
731 1759 966 1826 Quemadmodum
982 1761 1125 1831 postulare,
1147 1763 1238 1829 deferre

180 1839 279 1892 bantur
294 1857 302 1891 τ
318 1839 450 1892 aubaelliia
460 1838 562 1911 judices
575 1838 688 1911 delegati
731 1859 814 1892 nomeu
820 1879 828 1903 ,
837 1841 990 1902 subscribere,
994 1844 1080 1911 jurare
1085 1841 1225 1893 calunniam
1228 1885 1236 1908 ‚

179 1918 498 1974 utebantur...Tribunal
510 1931 565 1972 erat
575 1920 689 1972 maxime
731 1937 789 1990 quae
813 1920 924 1991 ringula
945 1932 1032 1991 purtea
1054 1932 1118 1974 eunt
1134 1937 1238 1976 aecum·

180 1999 253 2068 ejua,
267 1997 316 2068 qui
334 1998 404 2051 inter
422 2012 528 2051 caterua
544 1998 645 2068 primus
661 2011 689 2051 et
731 1998 832 2064 tionis,
853 2017 902 2070 pro
920 1998 1036 2070 legitima
1054 2001 1238 2066 accusatione,

181 2077 255 2147 quasi
266 2095 370 2147 praeaea.
380 2103 391 2126 ι
402 2077 467 2130 Vid.
477 2077 536 2132 Cia.
546 2079 621 2130 Brut.
634 2081 669 2141 84
680 2097 688 2144 ;
730 2096 777 2132 aen
788 2079 861 2130 omui
872 2076 1009 2132 accusandi
1018 2077 1113 2132 ordine
1122 2092 1149 2132 et
1158 2099 1238 2151 opere

181 2155 209 2207 iu
227 2156 320 2209 Vatiu.
341 2163 385 2220 14.
401 2155 555 2210 Suetonio
576 2158 687 2228 Auguat.
729 2158 792 2211 aatia
803 2158 955 2229 frequenter
969 2158 1238 2228 accipiuntur-‚ulium

183 2235 228 2288 ⁵6.
242 2235 324 2288 Mart.
337 2236 391 2300 Xt,
406 2255 443 2306 99
455 2275 463 2302 ,
475 2247 526 2288 ete.
538 2249 589 2289 etc.
726 2237 821 2306 judicia
840 2241 936 2301 rendi,
961 2235 995 2290 de
1017 2237 1155 2292 sortitione
1176 2257 1238 2292 cuu-

220 2321 287 2384 7³²·
296 2315 408 2368 Judtcta.
420 2349 428 2364 .
440 2319 560 2368 norrun.
573 2315 688 2368 Notare-
730 2333 819 2370 aarum
830 2353 838 2381 ,
851 2335 905 2388 quo
921 2314 1017 2369 ordine
1028 2315 1158 2371 habenda
1171 2318 1238 2383 sint,

180 2405 221 2446 rat
242 2394 316 2447 Delr.
334 2394 391 2447 bno
405 2414 421 2448 a
435 2396 489 2448 ritu
508 2413 620 2448 romano
642 2392 688 2447 de-
731 2397 851 2468 acoipere
862 2395 1237 2467 malim,utServ.,Porupon.

165 2473 249 2544 xaurai
265 2472 321 2528 :ad
339 2473 412 2545 qnod
425 2475 544 2528 Gronov.
564 2499 576 2521 ι
589 2473 687 2528 Obaer·
731 2473 823 2528 Sabin.
842 2488 869 2528 et
884 2474 929 2528 alii
944 2474 978 2528 ad
993 2475 1087 2547 virgil.
1101 2479 1160 2528 AEu.
1179 2478 1238 2542 VI,

180 2565 243 2606 vaat
269 2554 425 2608 translatum
451 2573 467 2606 a
486 2571 598 2606 romano
623 2554 686 2606 ritu.
734 2553 906 2625 431:quod
933 2553 1043 2625 quidem
1069 2556 1180 2627 propina
1206 2557 1240 2609 ad

182 2633 266 2697 Vere,
281 2627 329 2686 aed
341 2634 417 2704 quo?
430 2635 462 2686 In
477 2633 600 2704 gravibus
615 2632 687 2686 enim
732 2632 1238 2706 huncNoatriveraumaeoedat,Agam.

181 2723 208 2764 et
218 2711 309 2765 dubiia
320 2713 417 2767 canania
425 2713 533 2766 tabellae
545 2711 646 2776 liter-ia,
656 2709 686 2764 C.
734 2718 788 2776 24,
802 2737 813 2760 ι
830 2712 963 2777 Qureaitor
973 2731 1027 2766 una
1039 2713 1168 2768 Gnoaaiua
1180 2734 1240 2769 ver·

181 2790 428 2857 condemnationis,
447 2794 480 2845 A.
496 2791 687 2854 absolutionis,
731 2802 770 2844 aut
793 2809 860 2844 reoa.
872 2817 884 2838 ι
902 2792 1011 2846 Confer.
1025 2792 1112 2864 Heyn.
1135 2812 1238 2848 excors.

182 2871 215 2924 N.
232 2873 265 2924 L.
282 2870 460 2942 ampliationis
479 2869 634 2941 inscriptae,
659 2869 687 2922 in
731 2870 787 2934 XI,
801 2869 836 2924 ad
848 2871 895 2926 lib.
912 2871 1087 2935 AEneid.V1,
1105 2886 1134 2927 et
1148 2887 1239 2927 notam

181 2949 272 3003 cistam
289 2951 331 3003 rel
355 2969 449 3004 urnam
461 2953 592 3021 conjectae
607 2948 686 3001 aurti-
730 2962 850 3004 nostram
872 2948 905 3003 ad
930 2952 1022 3023 Agam.
1046 2960 1092 3016 at.
1111 2983 1151 2994 -
1169 2953 1237 3006 Seru.

183 3031 255 3083 tione
273 3028 378 3084 deditae
397 3031 450 3084 reia
462 3029 505 3082 vel
518 3029 630 3083 salutem
644 3028 687 3080 vei
731 3027 833 3082 Eodem
848 3047 928 3083 aenan
942 3029 1059 3097 dietum,
1071 3049 1125 3102 quo
1140 3049 1240 3103 aup.v.

183 3109 274 3180 capitia
287 3109 447 3181 perieulum.
465 3107 517 3162 Sed
533 3121 586 3162 tam
599 3106 689 3161 dubini
733 3110 789 3178 728
802 3147 810 3173 ‚
823 3112 949 3179 serajuro.

182 3201 208 3242 et
222 3207 314 3260 graver
328 3207 424 3242 uauaan
441 3199 551 3261 possunt
565 3205 620 3240 eaae
632 3187 688 3257 pri·
773 3186 840 3256 733.
852 3185 984 3254 onustus,
999 3187 1053 3242 aive
1066 3189 1211 3254 Cretensis,
1225 3209 1240 3244 u

182 3281 316 3334 vatorum,
336 3287 416 3340 quam
431 3269 597 3340 publicorum
617 3264 688 3338 judi·
732 3265 836 3320 Gnoaao
863 3269 956 3320 urbe:
979 3269 1067 3320 Minoa
1093 3269 1164 3320 enim
1191 3287 1238 3323 rex

182 3349 294 3401 ciorum.
309 3349 447 3402 Debebunt
461 3365 523 3419 ergo
538 3344 643 3410 dicere,
656 3345 686 3397 in
732 3346 817 3398 Cretan
830 3346 894 3412 tuit,
910 3345 976 3400 adeo
990 3349 1092 3418 justitia
1106 3345 1179 3419 apud
1194 3368 1240 3402 ve·

182 3427 296 3497 publicio
310 3426 417 3498 judiciis
435 3446 481 3480 aru
497 3424 689 3498 quaestionibua
732 3419 922 3497 tereaiinsignia
932 3464 940 3491 ,
952 3437 981 3479 ut
993 3445 1054 3480 eum
1068 3428 1177 3481 fabulati
1189 3430 1242 3482 siut

182 3506 233 3560 hnc
246 3525 302 3561 eoae
315 3507 424 3560 factum.
436 3505 540 3560 Deinde
551 3521 690 3576 aurpem·
732 3503 803 3575 apud
818 3505 918 3557 inseror
930 3504 1050 3576 judicem
1067 3507 1240 3561 coustitutum

182 3605 261 3639 ruunt
286 3585 329 3640 bia
348 3599 476 3640 annotant
492 3586 568 3639 ilium
587 3587 687 3649 ritum,
731 3601 794 3636 cum
822 3583 1026 3638 Rhadamantho
1054 3597 1081 3639 et
1100 3589 1189 3641 AEaco.
1202 3621 1241 3631 —

182 3667 228 3736 qui
250 3665 319 3720 nihil
338 3664 373 3718 ad
391 3683 448 3719 rem
470 3666 596 3738 pertinet.
607 3661 688 3717 atiud
732 3663 808 3717 Foro.
834 3665 956 3736 Propert.
980 3665 1030 3730 IV,
1057 3685 1107 3730 ra,
1129 3685 1156 3721 v.
1178 3685 1213 3720 aa
1234 3687 1241 3718 :

180 3757 220 3798 eat
241 3750 379 3798 sententiam
395 3748 480 3814 serre,
504 3744 577 3798 aliud
595 3745 689 3818 judiees
737 3743 1053 3798 uEumeniduminteoto
1066 3747 1243 3800 turhuaevera

180 3829 270 3878 sortiri.
280 3825 367 3879 Nemo
378 3837 620 3898 unquamaeterum
631 3841 691 3876 aen·
738 3823 806 3876 toro.
823 3849 835 3870 ι

183 3906 271 3959 tentiae
295 3904 443 3968 lationem,
464 3906 513 3958 etai
540 3905 569 3958 in
593 3921 688 3956 urnam
774 3903 841 3972 734.
864 3903 979 3957 tum...
992 3905 1047 3976 laec.
1060 3903 1182 3957 Dubitari
1196 3925 1243 3977 po·

181 3985 285 4038 tabellae
309 3985 524 4056 conjicerentur,
546 3986 689 4036 sortitionem
734 3995 784 4035 teat
802 3995 892 4035 utrum
909 3982 1005 4037 Noster
1024 4003 1079 4036 uno
1100 4003 1131 4038 ac
1147 3983 1241 4037 eodem

180 4063 257 4117 dixit.
273 4064 372 4117 rodata
386 4069 468 4117 sortiri
483 4076 521 4118 eet
534 4061 637 4134 judicer
652 4063 690 4116 la·
734 4062 805 4118 loco,
823 4081 855 4115 an
873 4062 991 4118 diveraoa
1008 4062 1118 4118 diversio
1135 4063 1246 4117 aedibus

183 4162 262 4214 gere,
282 4143 311 4197 id
332 4145 404 4198 euim
420 4145 498 4200 fiebat
512 4163 560 4215 per
575 4155 690 4206 sortem,
736 4141 854 4196 infernae
861 4141 1244 4212 judiceaooiiocuverit30tvix
