<?xml version="1.0" encoding="UTF-8"?>
<!DOCTYPE html PUBLIC "-//W3C//DTD XHTML 1.0 Transitional//EN"
    "http://www.w3.org/TR/xhtml1/DTD/xhtml1-transitional.dtd">
<html xmlns="http://www.w3.org/1999/xhtml" xml:lang="en" lang="en">
 <head>
  <title>
</title>
<meta http-equiv="Content-Type" content="text/html;charset=utf-8" />
  <meta name='ocr-system' content='tesseract 3.04.00' />
  <meta name='ocr-capabilities' content='ocr_page ocr_carea ocr_par ocr_line ocrx_word'/>
</head>
<body>
  <div class='ocr_page' id='page_1' title='image "./lannsenecparste02piergoog_0328.png"; bbox 0 0 3210 5140; ppageno 0'>
   <div class='ocr_carea' id='block_1_1' title="bbox 459 525 1235 624">
    <p class='ocr_par' dir='ltr' id='par_1_1' title="bbox 459 525 1235 624">
     <span class='ocr_line' id='line_1_1' title="bbox 459 525 1235 624; baseline 0.013 -10"><span class='ocrx_word' id='word_1_1' title='bbox 459 525 961 618; x_wconf 75' lang='lat' dir='ltr'><strong><em>Amnanlunsmuns.</em></strong></span> <span class='ocrx_word' id='word_1_2' title='bbox 1168 553 1235 624; x_wconf 85' lang='lat'><strong><em>161</em></strong></span> 
     </span>
    </p>
   </div>
   <div class='ocr_carea' id='block_1_2' title="bbox 176 673 1252 4320">
    <p class='ocr_par' dir='ltr' id='par_1_2' title="bbox 177 673 1243 1222">
     <span class='ocr_line' id='line_1_2' title="bbox 177 673 1242 754; baseline 0.008 -28"><span class='ocrx_word' id='word_1_3' title='bbox 177 677 246 748; x_wconf 71' lang='lat' dir='ltr'><strong><em>greti</em></strong></span> <span class='ocrx_word' id='word_1_4' title='bbox 256 685 340 727; x_wconf 70' lang='lat' dir='ltr'><strong><em>urent.</em></strong></span> <span class='ocrx_word' id='word_1_5' title='bbox 355 673 412 726; x_wconf 85' lang='lat' dir='ltr'><strong><em>Nee</em></strong></span> <span class='ocrx_word' id='word_1_6' title='bbox 428 673 549 728; x_wconf 86' lang='lat' dir='ltr'><strong><em>omnium</em></strong></span> <span class='ocrx_word' id='word_1_7' title='bbox 562 675 740 730; x_wconf 68' lang='lat' dir='ltr'>recentiorum</span> <span class='ocrx_word' id='word_1_8' title='bbox 752 675 828 731; x_wconf 80' lang='lat' dir='ltr'>editt.</span> <span class='ocrx_word' id='word_1_9' title='bbox 840 679 998 732; x_wconf 81' lang='lat' dir='ltr'><strong><em>auctoritate</em></strong></span> <span class='ocrx_word' id='word_1_10' title='bbox 1012 689 1131 732; x_wconf 76' lang='lat' dir='ltr'><strong><em>oeremm</em></strong></span> <span class='ocrx_word' id='word_1_11' title='bbox 1143 698 1150 732; x_wconf 77' lang='grc' dir='ltr'><strong><em>ε</em></strong></span> <span class='ocrx_word' id='word_1_12' title='bbox 1162 695 1242 754; x_wconf 86' lang='lat' dir='ltr'><strong><em>repo·</em></strong></span> 
     </span>
     <span class='ocr_line' id='line_1_3' title="bbox 178 748 1241 829; baseline 0.008 -23"><span class='ocrx_word' id='word_1_13' title='bbox 178 755 232 808; x_wconf 82' lang='lat' dir='ltr'><strong><em>cuit</em></strong></span> <span class='ocrx_word' id='word_1_14' title='bbox 247 766 302 806; x_wconf 89' lang='lat' dir='ltr'><strong><em>ortu</em></strong></span> <span class='ocrx_word' id='word_1_15' title='bbox 318 752 426 808; x_wconf 75' lang='lat' dir='ltr'><strong><em>societas</em></strong></span> <span class='ocrx_word' id='word_1_16' title='bbox 442 754 586 824; x_wconf 79' lang='lat' dir='ltr'><strong><em>Bipontinu</em></strong></span> <span class='ocrx_word' id='word_1_17' title='bbox 604 755 632 806; x_wconf 92' lang='lat' dir='ltr'><strong><em>in</em></strong></span> <span class='ocrx_word' id='word_1_18' title='bbox 647 754 711 809; x_wconf 87' lang='lat' dir='ltr'><strong><em>edit.</em></strong></span> <span class='ocrx_word' id='word_1_19' title='bbox 725 748 850 826; x_wconf 78' lang='lat'>(1785).</span> <span class='ocrx_word' id='word_1_20' title='bbox 864 789 905 801; x_wconf 92' lang='lat'>-</span> <span class='ocrx_word' id='word_1_21' title='bbox 921 757 1028 810; x_wconf 74' lang='lat' dir='ltr'><strong><em>Mundus</em></strong></span> <span class='ocrx_word' id='word_1_22' title='bbox 1044 759 1155 829; x_wconf 82' lang='lat' dir='ltr'><strong><em>impendit</em></strong></span> <span class='ocrx_word' id='word_1_23' title='bbox 1169 759 1241 816; x_wconf 79' lang='lat' dir='ltr'><strong><em>diem.</em></strong></span> 
     </span>
     <span class='ocr_line' id='line_1_4' title="bbox 179 831 1243 908; baseline 0.008 -22"><span class='ocrx_word' id='word_1_24' title='bbox 179 835 223 888; x_wconf 84' lang='lat' dir='ltr'><strong><em>Sic</em></strong></span> <span class='ocrx_word' id='word_1_25' title='bbox 238 835 352 886; x_wconf 78' lang='lat' dir='ltr'><strong><em>maxime</em></strong></span> <span class='ocrx_word' id='word_1_26' title='bbox 367 851 428 902; x_wconf 81' lang='lat' dir='ltr'><strong><em>pare</em></strong></span> <span class='ocrx_word' id='word_1_27' title='bbox 442 831 519 886; x_wconf 87' lang='lat' dir='ltr'>MSS.</span> <span class='ocrx_word' id='word_1_28' title='bbox 536 846 564 886; x_wconf 87' lang='lat' dir='ltr'><strong><em>et</em></strong></span> <span class='ocrx_word' id='word_1_29' title='bbox 582 847 702 887; x_wconf 80' lang='lat' dir='ltr'><strong><em>veterum</em></strong></span> <span class='ocrx_word' id='word_1_30' title='bbox 721 834 796 888; x_wconf 85' lang='lat' dir='ltr'><strong><em>editt.</em></strong></span> <span class='ocrx_word' id='word_1_31' title='bbox 815 838 939 890; x_wconf 76' lang='lat' dir='ltr'>Attamen</span> <span class='ocrx_word' id='word_1_32' title='bbox 957 838 1054 908; x_wconf 82' lang='lat' dir='ltr'><strong><em>impedit</em></strong></span> <span class='ocrx_word' id='word_1_33' title='bbox 1069 839 1097 890; x_wconf 91' lang='lat' dir='ltr'><strong><em>in</em></strong></span> <span class='ocrx_word' id='word_1_34' title='bbox 1111 839 1186 894; x_wconf 84' lang='lat' dir='ltr'>MSS.</span> <span class='ocrx_word' id='word_1_35' title='bbox 1200 841 1243 894; x_wconf 81' lang='lat' dir='ltr'><strong><em>hi·</em></strong></span> 
     </span>
     <span class='ocr_line' id='line_1_5' title="bbox 178 911 1242 987; baseline 0.009 -23"><span class='ocrx_word' id='word_1_36' title='bbox 178 911 340 984; x_wconf 63' lang='lat' dir='ltr'><strong><em>bliothmeg.</em></strong></span> <span class='ocrx_word' id='word_1_37' title='bbox 357 914 431 974; x_wconf 72' lang='lat'><strong><em>8024</em></strong></span> <span class='ocrx_word' id='word_1_38' title='bbox 446 924 472 964; x_wconf 86' lang='lat' dir='ltr'><strong><em>et</em></strong></span> <span class='ocrx_word' id='word_1_39' title='bbox 487 915 576 976; x_wconf 70' lang='lat'><strong><em>8262,</em></strong></span> <span class='ocrx_word' id='word_1_40' title='bbox 587 931 692 966; x_wconf 81' lang='lat' dir='ltr'>necnon</span> <span class='ocrx_word' id='word_1_41' title='bbox 710 915 738 966; x_wconf 88' lang='lat' dir='ltr'><strong><em>in</em></strong></span> <span class='ocrx_word' id='word_1_42' title='bbox 749 913 887 969; x_wconf 71' lang='lat' dir='ltr'><strong><em>bourdet</em></strong></span> <span class='ocrx_word' id='word_1_43' title='bbox 899 914 988 987; x_wconf 59' lang='lat' dir='ltr'><strong><em>AEgidc</em></strong></span> <span class='ocrx_word' id='word_1_44' title='bbox 1001 914 1090 984; x_wconf 89' lang='lat' dir='ltr'><strong><em>editt.;</em></strong></span> <span class='ocrx_word' id='word_1_45' title='bbox 1104 918 1149 973; x_wconf 78' lang='lat' dir='ltr'><strong><em>ced</em></strong></span> <span class='ocrx_word' id='word_1_46' title='bbox 1166 920 1242 976; x_wconf 88' lang='lat' dir='ltr'><strong><em>male.</em></strong></span> 
     </span>
     <span class='ocr_line' id='line_1_6' title="bbox 179 990 1240 1070; baseline 0.006 -25"><span class='ocrx_word' id='word_1_47' title='bbox 179 992 327 1056; x_wconf 83' lang='lat' dir='ltr'><strong>Nonnulli,</strong></span> <span class='ocrx_word' id='word_1_48' title='bbox 340 991 410 1044; x_wconf 89' lang='lat' dir='ltr'><strong><em>inter</em></strong></span> <span class='ocrx_word' id='word_1_49' title='bbox 416 1009 482 1062; x_wconf 82' lang='lat' dir='ltr'><strong><em>quos</em></strong></span> <span class='ocrx_word' id='word_1_50' title='bbox 491 990 637 1046; x_wconf 75' lang='lat' dir='ltr'><strong><em>Scriverius</em></strong></span> <span class='ocrx_word' id='word_1_51' title='bbox 643 1006 670 1046; x_wconf 89' lang='lat' dir='ltr'><strong><em>et</em></strong></span> <span class='ocrx_word' id='word_1_52' title='bbox 676 993 807 1063; x_wconf 73' lang='lat' dir='ltr'><strong><em>Thyrius,</em></strong></span> <span class='ocrx_word' id='word_1_53' title='bbox 818 995 934 1066; x_wconf 76' lang='lat' dir='ltr'><strong><em>impediit.</em></strong></span> <span class='ocrx_word' id='word_1_54' title='bbox 945 994 1109 1049; x_wconf 81' lang='lat' dir='ltr'><strong><em>Serrmdum</em></strong></span> <span class='ocrx_word' id='word_1_55' title='bbox 1117 999 1240 1070; x_wconf 76' lang='lat' dir='ltr'><strong><em>impendit,</em></strong></span> 
     </span>
     <span class='ocr_line' id='line_1_7' title="bbox 178 1069 1242 1144; baseline 0.009 -21"><span class='ocrx_word' id='word_1_56' title='bbox 178 1069 252 1143; x_wconf 87' lang='lat' dir='ltr'><strong><em>quod</em></strong></span> <span class='ocrx_word' id='word_1_57' title='bbox 265 1083 292 1123; x_wconf 87' lang='lat' dir='ltr'><strong><em>et</em></strong></span> <span class='ocrx_word' id='word_1_58' title='bbox 303 1073 394 1143; x_wconf 82' lang='lat' dir='ltr'><strong><em>plures</em></strong></span> <span class='ocrx_word' id='word_1_59' title='bbox 406 1069 506 1124; x_wconf 84' lang='lat' dir='ltr'><strong><em>habent</em></strong></span> <span class='ocrx_word' id='word_1_60' title='bbox 517 1069 621 1126; x_wconf 84' lang='lat' dir='ltr'><strong><em>codicea</em></strong></span> <span class='ocrx_word' id='word_1_61' title='bbox 633 1070 818 1144; x_wconf 79' lang='lat' dir='ltr'><strong><em>fideliorecque</em></strong></span> <span class='ocrx_word' id='word_1_62' title='bbox 827 1087 853 1128; x_wconf 90' lang='lat' dir='ltr'><strong><em>et</em></strong></span> <span class='ocrx_word' id='word_1_63' title='bbox 861 1093 952 1130; x_wconf 77' lang='lat' dir='ltr'><strong><em>senam</em></strong></span> <span class='ocrx_word' id='word_1_64' title='bbox 962 1075 1130 1130; x_wconf 84' lang='lat' dir='ltr'><strong><em>commendat</em></strong></span> <span class='ocrx_word' id='word_1_65' title='bbox 1139 1079 1242 1133; x_wconf 88' lang='lat' dir='ltr'><strong><em>melior.</em></strong></span> 
     </span>
     <span class='ocr_line' id='line_1_8' title="bbox 179 1148 572 1222; baseline -0.003 -19"><span class='ocrx_word' id='word_1_66' title='bbox 179 1150 244 1204; x_wconf 88' lang='lat' dir='ltr'><strong><em>Vid.</em></strong></span> <span class='ocrx_word' id='word_1_67' title='bbox 260 1163 317 1204; x_wconf 91' lang='lat' dir='ltr'><strong><em>not.</em></strong></span> <span class='ocrx_word' id='word_1_68' title='bbox 332 1148 364 1203; x_wconf 83' lang='lat' dir='ltr'><strong><em>ad</em></strong></span> <span class='ocrx_word' id='word_1_69' title='bbox 380 1169 418 1204; x_wconf 82' lang='lat' dir='ltr'><strong><em>re.</em></strong></span> <span class='ocrx_word' id='word_1_70' title='bbox 435 1156 484 1216; x_wconf 74' lang='lat'><strong><em>24,</em></strong></span> <span class='ocrx_word' id='word_1_71' title='bbox 499 1169 525 1222; x_wconf 88' lang='lat' dir='ltr'><strong><em>p.</em></strong></span> <span class='ocrx_word' id='word_1_72' title='bbox 544 1169 572 1220; x_wconf 87' lang='lat'><strong><em>7.</em></strong></span> 
     </span>
    </p>

    <p class='ocr_par' dir='ltr' id='par_1_3' title="bbox 179 1227 1252 1540">
     <span class='ocr_line' id='line_1_9' title="bbox 221 1227 1243 1301; baseline 0.009 -20"><span class='ocrx_word' id='word_1_73' title='bbox 221 1248 265 1300; x_wconf 81' lang='lat' dir='ltr'><strong><em>ap.</em></strong></span> <span class='ocrx_word' id='word_1_74' title='bbox 282 1229 341 1283; x_wconf 86' lang='lat' dir='ltr'><strong><em>Non</em></strong></span> <span class='ocrx_word' id='word_1_75' title='bbox 352 1227 387 1282; x_wconf 74' lang='lat' dir='ltr'><strong><em>ric</em></strong></span> <span class='ocrx_word' id='word_1_76' title='bbox 400 1229 509 1281; x_wconf 81' lang='lat' dir='ltr'><strong><em>abibunt.</em></strong></span> <span class='ocrx_word' id='word_1_77' title='bbox 526 1230 559 1282; x_wconf 88' lang='lat' dir='ltr'><strong><em>In</em></strong></span> <span class='ocrx_word' id='word_1_78' title='bbox 573 1248 628 1283; x_wconf 89' lang='lat' dir='ltr'><strong><em>uno</em></strong></span> <span class='ocrx_word' id='word_1_79' title='bbox 639 1228 750 1284; x_wconf 82' lang='lat' dir='ltr'><strong><em>Badenii</em></strong></span> <span class='ocrx_word' id='word_1_80' title='bbox 764 1231 934 1292; x_wconf 76' lang='lat' dir='ltr'><strong><em>Varaoviensi</em></strong></span> <span class='ocrx_word' id='word_1_81' title='bbox 949 1231 1060 1301; x_wconf 83' lang='lat' dir='ltr'><strong><em>codice,</em></strong></span> <span class='ocrx_word' id='word_1_82' title='bbox 1074 1251 1117 1286; x_wconf 80' lang='lat' dir='ltr'><strong><em>nec</em></strong></span> <span class='ocrx_word' id='word_1_83' title='bbox 1131 1239 1182 1300; x_wconf 80' lang='lat' dir='ltr'><strong><em>cic,</em></strong></span> <span class='ocrx_word' id='word_1_84' title='bbox 1197 1237 1243 1290; x_wconf 88' lang='lat' dir='ltr'><strong><em>cui</em></strong></span> 
     </span>
     <span class='ocr_line' id='line_1_10' title="bbox 179 1299 1243 1380; baseline 0.008 -19"><span class='ocrx_word' id='word_1_85' title='bbox 179 1305 278 1363; x_wconf 86' lang='lat' dir='ltr'><strong><em>Baden.</em></strong></span> <span class='ocrx_word' id='word_1_86' title='bbox 302 1309 330 1361; x_wconf 89' lang='lat' dir='ltr'><strong><em>in</em></strong></span> <span class='ocrx_word' id='word_1_87' title='bbox 349 1309 498 1379; x_wconf 81' lang='lat' dir='ltr'><strong><em>specimine</em></strong></span> <span class='ocrx_word' id='word_1_88' title='bbox 516 1299 635 1380; x_wconf 72' lang='lat' dir='ltr'><strong><em>(¹79⁸i</em></strong></span> <span class='ocrx_word' id='word_1_89' title='bbox 655 1329 682 1363; x_wconf 82' lang='lat' dir='ltr'><strong><em>te</em></strong></span> <span class='ocrx_word' id='word_1_90' title='bbox 700 1308 776 1363; x_wconf 83' lang='lat' dir='ltr'><strong><em>valde</em></strong></span> <span class='ocrx_word' id='word_1_91' title='bbox 794 1309 928 1365; x_wconf 71' lang='lat' dir='ltr'><strong><em>adherere</em></strong></span> <span class='ocrx_word' id='word_1_92' title='bbox 948 1311 1059 1366; x_wconf 75' lang='lat' dir='ltr'><strong><em>dicebat.</em></strong></span> <span class='ocrx_word' id='word_1_93' title='bbox 1080 1346 1120 1357; x_wconf 94' lang='lat'><em>-</em></span> <span class='ocrx_word' id='word_1_94' title='bbox 1142 1316 1243 1369; x_wconf 78' lang='lat' dir='ltr'><strong><em>Vivum</em></strong></span> 
     </span>
     <span class='ocr_line' id='line_1_11' title="bbox 179 1386 1252 1464; baseline 0.007 -24"><span class='ocrx_word' id='word_1_95' title='bbox 179 1401 244 1458; x_wconf 69' lang='lat' dir='ltr'><strong><em>aget.</em></strong></span> <span class='ocrx_word' id='word_1_96' title='bbox 258 1386 360 1442; x_wconf 74' lang='lat' dir='ltr'><strong><em>lsourd</em></strong></span> <span class='ocrx_word' id='word_1_97' title='bbox 378 1400 404 1440; x_wconf 89' lang='lat' dir='ltr'><strong><em>et</em></strong></span> <span class='ocrx_word' id='word_1_98' title='bbox 422 1386 509 1459; x_wconf 74' lang='lat' dir='ltr'><strong><em>AEgid.</em></strong></span> <span class='ocrx_word' id='word_1_99' title='bbox 524 1389 669 1461; x_wconf 75' lang='lat' dir='ltr'><strong><em>Virumque</em></strong></span> <span class='ocrx_word' id='word_1_100' title='bbox 682 1402 748 1460; x_wconf 72' lang='lat' dir='ltr'><strong><em>aget.</em></strong></span> <span class='ocrx_word' id='word_1_101' title='bbox 761 1391 852 1444; x_wconf 86' lang='lat' dir='ltr'><strong><em>Delrio</em></strong></span> <span class='ocrx_word' id='word_1_102' title='bbox 868 1391 896 1444; x_wconf 89' lang='lat' dir='ltr'><strong><em>in</em></strong></span> <span class='ocrx_word' id='word_1_103' title='bbox 914 1389 1072 1464; x_wconf 75' lang='lat' dir='ltr'><strong><em>quibusdam</em></strong></span> <span class='ocrx_word' id='word_1_104' title='bbox 1088 1393 1164 1447; x_wconf 83' lang='lat' dir='ltr'><strong><em>librie</em></strong></span> <span class='ocrx_word' id='word_1_105' title='bbox 1174 1396 1252 1450; x_wconf 89' lang='lat' dir='ltr'><strong><em>anti·.</em></strong></span> 
     </span>
     <span class='ocr_line' id='line_1_12' title="bbox 180 1467 565 1540; baseline 0 -20"><span class='ocrx_word' id='word_1_106' title='bbox 180 1467 242 1540; x_wconf 81' lang='lat' dir='ltr'><strong><em>quie</em></strong></span> <span class='ocrx_word' id='word_1_107' title='bbox 252 1468 371 1532; x_wconf 86' lang='lat' dir='ltr'><strong><em>invenit,</em></strong></span> <span class='ocrx_word' id='word_1_108' title='bbox 387 1471 488 1537; x_wconf 78' lang='lat' dir='ltr'><strong><em>minaces</em></strong></span> <span class='ocrx_word' id='word_1_109' title='bbox 502 1479 565 1537; x_wconf 70' lang='lat' dir='ltr'><strong><em>aget.</em></strong></span> 
     </span>
    </p>

    <p class='ocr_par' dir='ltr' id='par_1_4' title="bbox 177 1545 1243 1997">
     <span class='ocr_line' id='line_1_13' title="bbox 220 1545 1242 1618; baseline 0.005 -17"><span class='ocrx_word' id='word_1_110' title='bbox 220 1547 263 1602; x_wconf 87' lang='grc' dir='ltr'><strong><em>3ο.</em></strong></span> <span class='ocrx_word' id='word_1_111' title='bbox 285 1548 348 1615; x_wconf 72' lang='lat' dir='ltr'><strong><em>Ocu</em></strong></span> <span class='ocrx_word' id='word_1_112' title='bbox 361 1547 445 1598; x_wconf 71' lang='lat' dir='ltr'><strong><em>beliat</em></strong></span> <span class='ocrx_word' id='word_1_113' title='bbox 459 1546 507 1600; x_wconf 88' lang='lat' dir='ltr'><strong><em>Sie-</em></strong></span> <span class='ocrx_word' id='word_1_114' title='bbox 517 1547 545 1599; x_wconf 89' lang='lat' dir='ltr'><strong><em>iu</em></strong></span> <span class='ocrx_word' id='word_1_115' title='bbox 558 1547 692 1618; x_wconf 76' lang='lat' dir='ltr'><strong><em>plerisque</em></strong></span> <span class='ocrx_word' id='word_1_116' title='bbox 708 1545 784 1601; x_wconf 89' lang='lat' dir='ltr'>MSS.</span> <span class='ocrx_word' id='word_1_117' title='bbox 802 1549 901 1615; x_wconf 82' lang='lat' dir='ltr'><strong><em>Perie.;</em></strong></span> <span class='ocrx_word' id='word_1_118' title='bbox 920 1549 983 1603; x_wconf 90' lang='lat' dir='ltr'><strong><em>item</em></strong></span> <span class='ocrx_word' id='word_1_119' title='bbox 999 1550 1027 1602; x_wconf 91' lang='lat' dir='ltr'><strong><em>in</em></strong></span> <span class='ocrx_word' id='word_1_120' title='bbox 1044 1549 1122 1604; x_wconf 85' lang='lat' dir='ltr'><strong><em>Fern.</em></strong></span> <span class='ocrx_word' id='word_1_121' title='bbox 1140 1552 1242 1606; x_wconf 82' lang='lat' dir='ltr'><strong><em>icoard.</em></strong></span> 
     </span>
     <span class='ocr_line' id='line_1_14' title="bbox 178 1617 1241 1699; baseline 0.007 -19"><span class='ocrx_word' id='word_1_122' title='bbox 178 1629 286 1680; x_wconf 79' lang='lat' dir='ltr'><strong><em>Aaoenn</em></strong></span> <span class='ocrx_word' id='word_1_123' title='bbox 296 1625 393 1679; x_wconf 88' lang='lat' dir='ltr'><strong><em>Philol.</em></strong></span> <span class='ocrx_word' id='word_1_124' title='bbox 403 1625 556 1680; x_wconf 74' lang='lat' dir='ltr'><strong><em>Gronoviuc</em></strong></span> <span class='ocrx_word' id='word_1_125' title='bbox 567 1617 671 1694; x_wconf 73' lang='lat'><strong>(1652)</strong></span> <span class='ocrx_word' id='word_1_126' title='bbox 683 1624 768 1680; x_wconf 83' lang='lat' dir='ltr'><strong><em>edidit</em></strong></span> <span class='ocrx_word' id='word_1_127' title='bbox 779 1627 850 1699; x_wconf 85' lang='lat' dir='ltr'><strong><em>quid,</em></strong></span> <span class='ocrx_word' id='word_1_128' title='bbox 863 1641 894 1681; x_wconf 89' lang='lat' dir='ltr'><strong><em>ut</em></strong></span> <span class='ocrx_word' id='word_1_129' title='bbox 909 1642 983 1682; x_wconf 80' lang='lat' dir='ltr'><strong><em>anteo</em></strong></span> <span class='ocrx_word' id='word_1_130' title='bbox 996 1626 1136 1683; x_wconf 77' lang='lat' dir='ltr'><strong><em>ediderant</em></strong></span> <span class='ocrx_word' id='word_1_131' title='bbox 1146 1632 1241 1686; x_wconf 78' lang='lat' dir='ltr'><strong><em>Arent.</em></strong></span> 
     </span>
     <span class='ocr_line' id='line_1_15' title="bbox 178 1703 1241 1780; baseline 0.006 -22"><span class='ocrx_word' id='word_1_132' title='bbox 178 1705 262 1758; x_wconf 84' lang='lat' dir='ltr'><strong><em>Seriv.</em></strong></span> <span class='ocrx_word' id='word_1_133' title='bbox 281 1705 365 1778; x_wconf 82' lang='lat' dir='ltr'>Thya.</span> <span class='ocrx_word' id='word_1_134' title='bbox 383 1703 436 1758; x_wconf 90' lang='lat' dir='ltr'><strong><em>Sed</em></strong></span> <span class='ocrx_word' id='word_1_135' title='bbox 453 1705 481 1757; x_wconf 91' lang='lat' dir='ltr'><strong><em>in</em></strong></span> <span class='ocrx_word' id='word_1_136' title='bbox 500 1706 550 1760; x_wconf 80' lang='lat' dir='ltr'><strong><em>huo</em></strong></span> <span class='ocrx_word' id='word_1_137' title='bbox 568 1706 624 1778; x_wconf 74' lang='lat' dir='ltr'><strong><em>ipre</em></strong></span> <span class='ocrx_word' id='word_1_138' title='bbox 643 1704 777 1771; x_wconf 76' lang='lat' dir='ltr'><strong><em>editione,</em></strong></span> <span class='ocrx_word' id='word_1_139' title='bbox 797 1704 907 1762; x_wconf 76' lang='lat' dir='ltr'><strong><em>adnotat</em></strong></span> <span class='ocrx_word' id='word_1_140' title='bbox 926 1728 979 1780; x_wconf 82' lang='lat' dir='ltr'><strong><em>qnoe</em></strong></span> <span class='ocrx_word' id='word_1_141' title='bbox 998 1727 1031 1761; x_wconf 87' lang='lat' dir='ltr'><strong><em>ex</em></strong></span> <span class='ocrx_word' id='word_1_142' title='bbox 1049 1709 1166 1764; x_wconf 79' lang='lat' dir='ltr'><strong><em>Florent.</em></strong></span> <span class='ocrx_word' id='word_1_143' title='bbox 1185 1731 1241 1764; x_wconf 86' lang='lat' dir='ltr'><strong><em>auo.</em></strong></span> 
     </span>
     <span class='ocr_line' id='line_1_16' title="bbox 177 1775 1243 1854; baseline 0.007 -18"><span class='ocrx_word' id='word_1_144' title='bbox 177 1785 271 1840; x_wconf 86' lang='lat' dir='ltr'><strong><em>Jacob.</em></strong></span> <span class='ocrx_word' id='word_1_145' title='bbox 286 1781 406 1838; x_wconf 83' lang='lat' dir='ltr'><strong><em>Gronov.</em></strong></span> <span class='ocrx_word' id='word_1_146' title='bbox 421 1775 535 1854; x_wconf 77' lang='lat'>(1692)</span> <span class='ocrx_word' id='word_1_147' title='bbox 551 1784 734 1838; x_wconf 80' lang='lat' dir='ltr'><strong><em>Florentinum</em></strong></span> <span class='ocrx_word' id='word_1_148' title='bbox 748 1785 893 1839; x_wconf 88' lang='lat' dir='ltr'><strong><em>lectionem</em></strong></span> <span class='ocrx_word' id='word_1_149' title='bbox 909 1787 937 1839; x_wconf 88' lang='lat' dir='ltr'><strong><em>in</em></strong></span> <span class='ocrx_word' id='word_1_150' title='bbox 956 1800 1058 1840; x_wconf 83' lang='lat' dir='ltr'><strong><em>textum</em></strong></span> <span class='ocrx_word' id='word_1_151' title='bbox 1076 1786 1191 1844; x_wconf 73' lang='lat' dir='ltr'><strong><em>admisit.</em></strong></span> <span class='ocrx_word' id='word_1_152' title='bbox 1207 1789 1243 1844; x_wconf 89' lang='lat' dir='ltr'><strong><em>Ni</em></strong></span> 
     </span>
     <span class='ocr_line' id='line_1_17' title="bbox 178 1863 1242 1936; baseline 0.008 -20"><span class='ocrx_word' id='word_1_153' title='bbox 178 1877 334 1936; x_wconf 68' lang='lat' dir='ltr'><strong><em>sequeretur</em></strong></span> <span class='ocrx_word' id='word_1_154' title='bbox 353 1863 484 1936; x_wconf 82' lang='lat' dir='ltr'><strong><em>quidquid,</em></strong></span> <span class='ocrx_word' id='word_1_155' title='bbox 503 1864 591 1918; x_wconf 84' lang='lat' dir='ltr'><strong><em>loreau</em></strong></span> <span class='ocrx_word' id='word_1_156' title='bbox 611 1864 670 1936; x_wconf 82' lang='lat' dir='ltr'><strong><em>qnid</em></strong></span> <span class='ocrx_word' id='word_1_157' title='bbox 691 1863 778 1916; x_wconf 72' lang='lat' dir='ltr'><strong><em>heila?</em></strong></span> <span class='ocrx_word' id='word_1_158' title='bbox 796 1865 883 1936; x_wconf 88' lang='lat' dir='ltr'><strong><em>aptiua</em></strong></span> <span class='ocrx_word' id='word_1_159' title='bbox 901 1865 1032 1921; x_wconf 81' lang='lat' dir='ltr'><strong><em>rideatur.</em></strong></span> <span class='ocrx_word' id='word_1_160' title='bbox 1047 1899 1087 1910; x_wconf 83' lang='lat'><strong><em>—-</em></strong></span> <span class='ocrx_word' id='word_1_161' title='bbox 1102 1868 1242 1924; x_wconf 78' lang='lat' dir='ltr'><strong><em>Horridum.</em></strong></span> 
     </span>
     <span class='ocr_line' id='line_1_18' title="bbox 179 1942 1153 1997; baseline -0.002 0"><span class='ocrx_word' id='word_1_162' title='bbox 179 1942 282 1997; x_wconf 83' lang='lat' dir='ltr'><strong><em>Iaoard.</em></strong></span> <span class='ocrx_word' id='word_1_163' title='bbox 296 1943 445 1995; x_wconf 78' lang='lat' dir='ltr'><strong><em>horrendum.</em></strong></span> <span class='ocrx_word' id='word_1_164' title='bbox 1150 1945 1153 1954; x_wconf 68' lang='lat'><strong>⁴</strong></span> 
     </span>
    </p>

    <p class='ocr_par' dir='ltr' id='par_1_5' title="bbox 220 2021 905 2092">
     <span class='ocr_line' id='line_1_19' title="bbox 220 2021 905 2092; baseline 0 -15"><span class='ocrx_word' id='word_1_165' title='bbox 220 2024 265 2077; x_wconf 76' lang='lat'><strong><em>32.</em></strong></span> <span class='ocrx_word' id='word_1_166' title='bbox 280 2023 375 2076; x_wconf 83' lang='lat' dir='ltr'><strong><em>Dirum.</em></strong></span> <span class='ocrx_word' id='word_1_167' title='bbox 390 2021 467 2075; x_wconf 90' lang='lat' dir='ltr'>MSS.</span> <span class='ocrx_word' id='word_1_168' title='bbox 481 2022 562 2076; x_wconf 79' lang='lat' dir='ltr'><strong><em>Paris.</em></strong></span> <span class='ocrx_word' id='word_1_169' title='bbox 577 2024 651 2092; x_wconf 77' lang='lat'><strong>6³95</strong></span> <span class='ocrx_word' id='word_1_170' title='bbox 664 2036 691 2076; x_wconf 91' lang='lat' dir='ltr'><strong><em>et</em></strong></span> <span class='ocrx_word' id='word_1_171' title='bbox 702 2025 778 2087; x_wconf 67' lang='lat'><strong><em>8024</em></strong></span> <span class='ocrx_word' id='word_1_172' title='bbox 789 2063 797 2086; x_wconf 91' lang='lat'><strong><em>,</em></strong></span> <span class='ocrx_word' id='word_1_173' title='bbox 810 2024 905 2077; x_wconf 82' lang='lat' dir='ltr'><strong><em>dutum.</em></strong></span> 
     </span>
    </p>

    <p class='ocr_par' dir='ltr' id='par_1_6' title="bbox 179 2101 1243 2333">
     <span class='ocr_line' id='line_1_20' title="bbox 219 2101 1242 2177; baseline 0.007 -22"><span class='ocrx_word' id='word_1_174' title='bbox 219 2101 264 2155; x_wconf 79' lang='lat'><strong><em>33.</em></strong></span> <span class='ocrx_word' id='word_1_175' title='bbox 280 2103 316 2154; x_wconf 89' lang='lat' dir='ltr'><strong><em>Et</em></strong></span> <span class='ocrx_word' id='word_1_176' title='bbox 326 2105 417 2154; x_wconf 78' lang='lat' dir='ltr'><strong><em>crescit.</em></strong></span> <span class='ocrx_word' id='word_1_177' title='bbox 429 2103 539 2174; x_wconf 85' lang='lat' dir='ltr'><strong><em>Reperit</em></strong></span> <span class='ocrx_word' id='word_1_178' title='bbox 550 2102 622 2174; x_wconf 89' lang='lat' dir='ltr'><strong><em>Lipa.</em></strong></span> <span class='ocrx_word' id='word_1_179' title='bbox 635 2103 662 2154; x_wconf 91' lang='lat' dir='ltr'><strong><em>in</em></strong></span> <span class='ocrx_word' id='word_1_180' title='bbox 674 2114 763 2156; x_wconf 76' lang='lat' dir='ltr'><strong><em>vetere</em></strong></span> <span class='ocrx_word' id='word_1_181' title='bbox 775 2101 893 2173; x_wconf 90' lang='lat' dir='ltr'><strong><em>quodam</em></strong></span> <span class='ocrx_word' id='word_1_182' title='bbox 903 2103 973 2155; x_wconf 88' lang='lat' dir='ltr'><strong><em>libro</em></strong></span> <span class='ocrx_word' id='word_1_183' title='bbox 983 2107 1100 2158; x_wconf 80' lang='lat' dir='ltr'><strong><em>increscit.</em></strong></span> <span class='ocrx_word' id='word_1_184' title='bbox 1113 2107 1242 2177; x_wconf 88' lang='lat' dir='ltr'><strong><em>Conjicie·</em></strong></span> 
     </span>
     <span class='ocr_line' id='line_1_21' title="bbox 179 2181 1243 2255; baseline 0.005 -19"><span class='ocrx_word' id='word_1_185' title='bbox 179 2183 225 2236; x_wconf 88' lang='lat' dir='ltr'><strong><em>bat</em></strong></span> <span class='ocrx_word' id='word_1_186' title='bbox 236 2181 328 2236; x_wconf 86' lang='lat' dir='ltr'><strong><em>Delrio</em></strong></span> <span class='ocrx_word' id='word_1_187' title='bbox 338 2185 459 2234; x_wconf 65' lang='lat' dir='ltr'><strong><em>uenerit.</em></strong></span> <span class='ocrx_word' id='word_1_188' title='bbox 469 2214 508 2224; x_wconf 93' lang='lat'><em>-</em></span> <span class='ocrx_word' id='word_1_189' title='bbox 521 2181 605 2234; x_wconf 85' lang='lat' dir='ltr'><strong><em>Malis.</em></strong></span> <span class='ocrx_word' id='word_1_190' title='bbox 617 2182 725 2234; x_wconf 76' lang='lat' dir='ltr'><strong><em>Fruatra</em></strong></span> <span class='ocrx_word' id='word_1_191' title='bbox 736 2182 813 2235; x_wconf 89' lang='lat' dir='ltr'><strong>MSS.</strong></span> <span class='ocrx_word' id='word_1_192' title='bbox 828 2183 923 2236; x_wconf 76' lang='lat' dir='ltr'><strong><em>Parios.</em></strong></span> <span class='ocrx_word' id='word_1_193' title='bbox 937 2185 1026 2248; x_wconf 75' lang='lat'><strong><em>8026,</em></strong></span> <span class='ocrx_word' id='word_1_194' title='bbox 1042 2187 1118 2239; x_wconf 76' lang='lat'>8028</span> <span class='ocrx_word' id='word_1_195' title='bbox 1129 2221 1137 2245; x_wconf 90' lang='lat'>‚</span> <span class='ocrx_word' id='word_1_196' title='bbox 1149 2188 1243 2255; x_wconf 80' lang='lat'><strong><em>8055,</em></strong></span> 
     </span>
     <span class='ocr_line' id='line_1_22' title="bbox 180 2260 1152 2333; baseline 0.001 -18"><span class='ocrx_word' id='word_1_197' title='bbox 180 2265 265 2326; x_wconf 75' lang='lat'><strong><em>8261,</em></strong></span> <span class='ocrx_word' id='word_1_198' title='bbox 277 2266 363 2313; x_wconf 82' lang='lat' dir='ltr'><strong><em>crescit</em></strong></span> <span class='ocrx_word' id='word_1_199' title='bbox 373 2261 461 2312; x_wconf 83' lang='lat' dir='ltr'><strong><em>mulam</em></strong></span> <span class='ocrx_word' id='word_1_200' title='bbox 473 2261 607 2314; x_wconf 76' lang='lat' dir='ltr'><strong><em>aflerant:</em></strong></span> <span class='ocrx_word' id='word_1_201' title='bbox 621 2261 732 2314; x_wconf 84' lang='lat' dir='ltr'><strong><em>alterurn</em></strong></span> <span class='ocrx_word' id='word_1_202' title='bbox 746 2260 853 2314; x_wconf 75' lang='lat' dir='ltr'><strong><em>fidelius</em></strong></span> <span class='ocrx_word' id='word_1_203' title='bbox 864 2273 903 2314; x_wconf 82' lang='lat' dir='ltr'><strong><em>eat</em></strong></span> <span class='ocrx_word' id='word_1_204' title='bbox 914 2273 940 2315; x_wconf 93' lang='lat' dir='ltr'><strong><em>et</em></strong></span> <span class='ocrx_word' id='word_1_205' title='bbox 953 2262 1152 2333; x_wconf 73' lang='lat' dir='ltr'><strong><em>significantius.</em></strong></span> 
     </span>
    </p>

    <p class='ocr_par' dir='ltr' id='par_1_7' title="bbox 176 2339 1244 4320">
     <span class='ocr_line' id='line_1_23' title="bbox 221 2339 1243 2418; baseline 0.004 -23"><span class='ocrx_word' id='word_1_206' title='bbox 221 2341 267 2395; x_wconf 83' lang='lat'><strong><em>36.</em></strong></span> <span class='ocrx_word' id='word_1_207' title='bbox 278 2341 377 2392; x_wconf 78' lang='lat' dir='ltr'><strong><em>Patrem</em></strong></span> <span class='ocrx_word' id='word_1_208' title='bbox 383 2341 491 2412; x_wconf 84' lang='lat' dir='ltr'><strong><em>probavi.</em></strong></span> <span class='ocrx_word' id='word_1_209' title='bbox 503 2342 536 2392; x_wconf 92' lang='lat' dir='ltr'><strong><em>ln</em></strong></span> <span class='ocrx_word' id='word_1_210' title='bbox 546 2340 620 2392; x_wconf 86' lang='lat' dir='ltr'>MSS.</span> <span class='ocrx_word' id='word_1_211' title='bbox 630 2353 658 2394; x_wconf 91' lang='lat' dir='ltr'><strong><em>et</em></strong></span> <span class='ocrx_word' id='word_1_212' title='bbox 665 2353 728 2394; x_wconf 84' lang='lat' dir='ltr'><strong><em>vett.</em></strong></span> <span class='ocrx_word' id='word_1_213' title='bbox 738 2339 813 2394; x_wconf 79' lang='lat' dir='ltr'><strong><em>editt.</em></strong></span> <span class='ocrx_word' id='word_1_214' title='bbox 819 2341 939 2412; x_wconf 79' lang='lat' dir='ltr'><strong><em>probarit,</em></strong></span> <span class='ocrx_word' id='word_1_215' title='bbox 953 2340 1026 2412; x_wconf 90' lang='lat' dir='ltr'><strong><em>quod</em></strong></span> <span class='ocrx_word' id='word_1_216' title='bbox 1037 2361 1128 2397; x_wconf 78' lang='lat' dir='ltr'><strong><em>omnes</em></strong></span> <span class='ocrx_word' id='word_1_217' title='bbox 1137 2363 1243 2418; x_wconf 89' lang='lat' dir='ltr'><strong><em>quoque</em></strong></span> 
     </span>
     <span class='ocr_line' id='line_1_24' title="bbox 179 2418 1242 2492; baseline 0.006 -20"><span class='ocrx_word' id='word_1_218' title='bbox 179 2420 263 2474; x_wconf 76' lang='lat' dir='ltr'><strong><em>nostri</em></strong></span> <span class='ocrx_word' id='word_1_219' title='bbox 272 2420 349 2474; x_wconf 89' lang='lat' dir='ltr'>MSS.</span> <span class='ocrx_word' id='word_1_220' title='bbox 359 2419 540 2474; x_wconf 79' lang='lat' dir='ltr'><strong><em>Commelinuc</em></strong></span> <span class='ocrx_word' id='word_1_221' title='bbox 551 2439 583 2472; x_wconf 86' lang='lat' dir='ltr'><strong><em>ex</em></strong></span> <span class='ocrx_word' id='word_1_222' title='bbox 593 2419 699 2472; x_wconf 81' lang='lat' dir='ltr'><strong><em>duobus</em></strong></span> <span class='ocrx_word' id='word_1_223' title='bbox 709 2419 785 2473; x_wconf 85' lang='lat' dir='ltr'>MSS.</span> <span class='ocrx_word' id='word_1_224' title='bbox 796 2427 897 2491; x_wconf 82' lang='lat' dir='ltr'><strong><em>primus</em></strong></span> <span class='ocrx_word' id='word_1_225' title='bbox 906 2418 998 2473; x_wconf 84' lang='lat' dir='ltr'><strong><em>eduxit</em></strong></span> <span class='ocrx_word' id='word_1_226' title='bbox 1005 2421 1116 2492; x_wconf 81' lang='lat' dir='ltr'><strong><em>probavi,</em></strong></span> <span class='ocrx_word' id='word_1_227' title='bbox 1128 2422 1176 2476; x_wconf 85' lang='lat' dir='ltr'><strong><em>sed</em></strong></span> <span class='ocrx_word' id='word_1_228' title='bbox 1187 2444 1242 2478; x_wconf 90' lang='lat' dir='ltr'><strong><em>uon</em></strong></span> 
     </span>
     <span class='ocr_line' id='line_1_25' title="bbox 179 2497 1243 2570; baseline 0.006 -18"><span class='ocrx_word' id='word_1_229' title='bbox 179 2497 285 2552; x_wconf 76' lang='lat' dir='ltr'><strong><em>admisit</em></strong></span> <span class='ocrx_word' id='word_1_230' title='bbox 297 2500 325 2552; x_wconf 89' lang='lat' dir='ltr'><strong><em>in</em></strong></span> <span class='ocrx_word' id='word_1_231' title='bbox 338 2511 447 2552; x_wconf 82' lang='lat' dir='ltr'><strong><em>textum.</em></strong></span> <span class='ocrx_word' id='word_1_232' title='bbox 462 2500 522 2552; x_wconf 89' lang='lat' dir='ltr'><strong><em>lloc</em></strong></span> <span class='ocrx_word' id='word_1_233' title='bbox 536 2497 691 2570; x_wconf 79' lang='lat' dir='ltr'><strong><em>adoptatum</em></strong></span> <span class='ocrx_word' id='word_1_234' title='bbox 706 2519 720 2552; x_wconf 82' lang='lat' dir='ltr'><strong>a</strong></span> <span class='ocrx_word' id='word_1_235' title='bbox 733 2500 881 2570; x_wconf 76' lang='lat' dir='ltr'><strong><em>scaligero,</em></strong></span> <span class='ocrx_word' id='word_1_236' title='bbox 895 2519 957 2553; x_wconf 88' lang='lat' dir='ltr'><strong><em>mox</em></strong></span> <span class='ocrx_word' id='word_1_237' title='bbox 968 2503 997 2553; x_wconf 91' lang='lat' dir='ltr'><strong><em>in</em></strong></span> <span class='ocrx_word' id='word_1_238' title='bbox 1011 2499 1157 2556; x_wconf 86' lang='lat' dir='ltr'><strong><em>editionem</em></strong></span> <span class='ocrx_word' id='word_1_239' title='bbox 1171 2503 1243 2558; x_wconf 87' lang='lat' dir='ltr'><strong><em>Sori-</em></strong></span> 
     </span>
     <span class='ocr_line' id='line_1_26' title="bbox 178 2578 1243 2650; baseline 0.007 -20"><span class='ocrx_word' id='word_1_240' title='bbox 178 2579 244 2632; x_wconf 84' lang='lat' dir='ltr'><strong><em>ven&#39;i</em></strong></span> <span class='ocrx_word' id='word_1_241' title='bbox 255 2578 349 2645; x_wconf 76' lang='lat' dir='ltr'><strong><em>fluxit3</em></strong></span> <span class='ocrx_word' id='word_1_242' title='bbox 361 2579 500 2650; x_wconf 85' lang='lat' dir='ltr'><strong><em>idemque,</em></strong></span> <span class='ocrx_word' id='word_1_243' title='bbox 513 2580 565 2632; x_wconf 81' lang='lat' dir='ltr'><strong><em>cub</em></strong></span> <span class='ocrx_word' id='word_1_244' title='bbox 574 2579 765 2632; x_wconf 82' lang='lat' dir='ltr'><strong><em>recentioribus</em></strong></span> <span class='ocrx_word' id='word_1_245' title='bbox 778 2580 860 2632; x_wconf 80' lang='lat' dir='ltr'><strong><em>literis</em></strong></span> <span class='ocrx_word' id='word_1_246' title='bbox 871 2579 899 2630; x_wconf 92' lang='lat' dir='ltr'><strong><em>in</em></strong></span> <span class='ocrx_word' id='word_1_247' title='bbox 912 2579 1028 2634; x_wconf 82' lang='lat' dir='ltr'><strong><em>Florent.</em></strong></span> <span class='ocrx_word' id='word_1_248' title='bbox 1043 2580 1135 2635; x_wconf 86' lang='lat' dir='ltr'><strong><em>codice</em></strong></span> <span class='ocrx_word' id='word_1_249' title='bbox 1146 2601 1160 2636; x_wconf 92' lang='lat' dir='ltr'><strong><em>a</em></strong></span> <span class='ocrx_word' id='word_1_250' title='bbox 1172 2581 1243 2636; x_wconf 84' lang='lat' dir='ltr'><strong><em>Gro-</em></strong></span> 
     </span>
     <span class='ocr_line' id='line_1_27' title="bbox 179 2657 1243 2730; baseline 0.005 -20"><span class='ocrx_word' id='word_1_251' title='bbox 179 2660 258 2712; x_wconf 82' lang='lat' dir='ltr'><strong><em>novio</em></strong></span> <span class='ocrx_word' id='word_1_252' title='bbox 274 2658 486 2730; x_wconf 77' lang='lat' dir='ltr'><strong><em>deprehensum,</em></strong></span> <span class='ocrx_word' id='word_1_253' title='bbox 504 2659 532 2710; x_wconf 92' lang='lat' dir='ltr'><strong><em>in</em></strong></span> <span class='ocrx_word' id='word_1_254' title='bbox 546 2677 617 2729; x_wconf 80' lang='lat' dir='ltr'><strong><em>seqq.</em></strong></span> <span class='ocrx_word' id='word_1_255' title='bbox 634 2659 752 2712; x_wconf 87' lang='lat' dir='ltr'><strong><em>omnium</em></strong></span> <span class='ocrx_word' id='word_1_256' title='bbox 772 2657 902 2713; x_wconf 82' lang='lat' dir='ltr'><strong><em>editiones</em></strong></span> <span class='ocrx_word' id='word_1_257' title='bbox 919 2673 1057 2726; x_wconf 87' lang='lat' dir='ltr'><strong><em>receptum</em></strong></span> <span class='ocrx_word' id='word_1_258' title='bbox 1073 2673 1121 2714; x_wconf 83' lang='lat' dir='ltr'><strong><em>est.</em></strong></span> <span class='ocrx_word' id='word_1_259' title='bbox 1138 2662 1243 2715; x_wconf 85' lang='lat' dir='ltr'><strong><em>Schroe-</em></strong></span> 
     </span>
     <span class='ocr_line' id='line_1_28' title="bbox 178 2737 1242 2804; baseline 0.006 -14"><span class='ocrx_word' id='word_1_260' title='bbox 178 2737 272 2804; x_wconf 83' lang='lat' dir='ltr'><strong><em>derue,</em></strong></span> <span class='ocrx_word' id='word_1_261' title='bbox 284 2739 332 2792; x_wconf 83' lang='lat' dir='ltr'><strong><em>ctci</em></strong></span> <span class='ocrx_word' id='word_1_262' title='bbox 347 2737 415 2793; x_wconf 85' lang='lat' dir='ltr'><strong><em>nihil</em></strong></span> <span class='ocrx_word' id='word_1_263' title='bbox 428 2740 456 2792; x_wconf 92' lang='lat' dir='ltr'><strong><em>iu</em></strong></span> <span class='ocrx_word' id='word_1_264' title='bbox 471 2751 543 2791; x_wconf 79' lang='lat' dir='ltr'><strong><em>textu</em></strong></span> <span class='ocrx_word' id='word_1_265' title='bbox 555 2738 726 2792; x_wconf 87' lang='lat' dir='ltr'><strong><em>Gronoviano</em></strong></span> <span class='ocrx_word' id='word_1_266' title='bbox 740 2738 897 2801; x_wconf 81' lang='lat' dir='ltr'><strong><em>mutaverit,</em></strong></span> <span class='ocrx_word' id='word_1_267' title='bbox 910 2747 1020 2791; x_wconf 78' lang='lat' dir='ltr'><strong><em>testatur</em></strong></span> <span class='ocrx_word' id='word_1_268' title='bbox 1031 2752 1118 2792; x_wconf 89' lang='lat' dir='ltr'><strong><em>tamen</em></strong></span> <span class='ocrx_word' id='word_1_269' title='bbox 1130 2743 1158 2794; x_wconf 90' lang='lat' dir='ltr'><strong><em>in</em></strong></span> <span class='ocrx_word' id='word_1_270' title='bbox 1171 2743 1242 2796; x_wconf 83' lang='lat' dir='ltr'><strong><em>notie</em></strong></span> 
     </span>
     <span class='ocr_line' id='line_1_29' title="bbox 178 2815 1242 2890; baseline 0.004 -20"><span class='ocrx_word' id='word_1_271' title='bbox 178 2837 205 2870; x_wconf 89' lang='lat' dir='ltr'><strong><em>ae</em></strong></span> <span class='ocrx_word' id='word_1_272' title='bbox 222 2816 300 2871; x_wconf 83' lang='lat' dir='ltr'><strong><em>relde</em></strong></span> <span class='ocrx_word' id='word_1_273' title='bbox 325 2819 440 2890; x_wconf 76' lang='lat' dir='ltr'><strong><em>antique</em></strong></span> <span class='ocrx_word' id='word_1_274' title='bbox 459 2818 566 2872; x_wconf 87' lang='lat' dir='ltr'><strong><em>lectioni</em></strong></span> <span class='ocrx_word' id='word_1_275' title='bbox 585 2817 697 2888; x_wconf 78' lang='lat' dir='ltr'><strong><em>probavit</em></strong></span> <span class='ocrx_word' id='word_1_276' title='bbox 715 2815 864 2883; x_wconf 75' lang='lat' dir='ltr'><strong><em>adhaerere3</em></strong></span> <span class='ocrx_word' id='word_1_277' title='bbox 886 2815 1094 2885; x_wconf 78' lang='lat' dir='ltr'><strong><em>inconsiderate,</em></strong></span> <span class='ocrx_word' id='word_1_278' title='bbox 1113 2833 1143 2874; x_wconf 89' lang='lat' dir='ltr'><strong><em>ut</em></strong></span> <span class='ocrx_word' id='word_1_279' title='bbox 1164 2823 1242 2874; x_wconf 85' lang='lat' dir='ltr'><strong><em>nobia</em></strong></span> 
     </span>
     <span class='ocr_line' id='line_1_30' title="bbox 179 2895 1241 2968; baseline 0.007 -20"><span class='ocrx_word' id='word_1_280' title='bbox 179 2896 300 2964; x_wconf 84' lang='lat' dir='ltr'><strong><em>videtur,</em></strong></span> <span class='ocrx_word' id='word_1_281' title='bbox 316 2899 338 2952; x_wconf 80' lang='lat' dir='ltr'><strong><em>ai</em></strong></span> <span class='ocrx_word' id='word_1_282' title='bbox 354 2897 387 2950; x_wconf 84' lang='lat' dir='ltr'><strong><em>ed</em></strong></span> <span class='ocrx_word' id='word_1_283' title='bbox 401 2898 456 2951; x_wconf 87' lang='lat' dir='ltr'><strong><em>vim</em></strong></span> <span class='ocrx_word' id='word_1_284' title='bbox 472 2910 498 2950; x_wconf 88' lang='lat' dir='ltr'><strong><em>et</em></strong></span> <span class='ocrx_word' id='word_1_285' title='bbox 515 2915 610 2950; x_wconf 74' lang='lat' dir='ltr'><strong><em>nervos</em></strong></span> <span class='ocrx_word' id='word_1_286' title='bbox 627 2895 769 2950; x_wconf 78' lang='lat' dir='ltr'><strong><em>locutionis</em></strong></span> <span class='ocrx_word' id='word_1_287' title='bbox 785 2895 914 2950; x_wconf 79' lang='lat' dir='ltr'><strong><em>attendas.</em></strong></span> <span class='ocrx_word' id='word_1_288' title='bbox 929 2895 1006 2950; x_wconf 78' lang='lat' dir='ltr'><strong><em>Adde</em></strong></span> <span class='ocrx_word' id='word_1_289' title='bbox 1023 2897 1100 2968; x_wconf 87' lang='lat' dir='ltr'><strong><em>quod</em></strong></span> <span class='ocrx_word' id='word_1_290' title='bbox 1117 2900 1145 2952; x_wconf 87' lang='lat' dir='ltr'><strong><em>in</em></strong></span> <span class='ocrx_word' id='word_1_291' title='bbox 1161 2899 1241 2955; x_wconf 86' lang='lat' dir='ltr'><strong><em>Herc.</em></strong></span> 
     </span>
     <span class='ocr_line' id='line_1_31' title="bbox 179 2976 1243 3049; baseline 0.002 -19"><span class='ocrx_word' id='word_1_292' title='bbox 179 2977 242 3030; x_wconf 86' lang='lat' dir='ltr'><strong><em>OEt.</em></strong></span> <span class='ocrx_word' id='word_1_293' title='bbox 254 2976 355 3049; x_wconf 84' lang='lat' dir='ltr'><strong><em>eliquid</em></strong></span> <span class='ocrx_word' id='word_1_294' title='bbox 370 2996 479 3049; x_wconf 79' lang='lat' dir='ltr'><strong><em>prorcua</em></strong></span> <span class='ocrx_word' id='word_1_295' title='bbox 490 2976 575 3030; x_wconf 85' lang='lat' dir='ltr'><strong><em>simile</em></strong></span> <span class='ocrx_word' id='word_1_296' title='bbox 587 2976 703 3047; x_wconf 75' lang='lat' dir='ltr'><strong><em>legatur,</em></strong></span> <span class='ocrx_word' id='word_1_297' title='bbox 716 2996 741 3030; x_wconf 79' lang='lat' dir='ltr'><strong><em>r.</em></strong></span> <span class='ocrx_word' id='word_1_298' title='bbox 759 2996 774 3046; x_wconf 85' lang='lat'><strong>9</strong></span> <span class='ocrx_word' id='word_1_299' title='bbox 790 2993 798 3029; x_wconf 74' lang='grc' dir='ltr'><em>τ</em></span> <span class='ocrx_word' id='word_1_300' title='bbox 816 2977 923 3046; x_wconf 82' lang='lat' dir='ltr'><strong><em>«Teque</em></strong></span> <span class='ocrx_word' id='word_1_301' title='bbox 936 2988 1028 3030; x_wconf 78' lang='lat' dir='ltr'><strong><em>tectam</em></strong></span> <span class='ocrx_word' id='word_1_302' title='bbox 1039 2989 1078 3031; x_wconf 83' lang='lat' dir='ltr'><strong><em>eat</em></strong></span> <span class='ocrx_word' id='word_1_303' title='bbox 1089 2996 1178 3032; x_wconf 89' lang='lat' dir='ltr'><strong><em>meum</em></strong></span> <span class='ocrx_word' id='word_1_304' title='bbox 1191 2980 1243 3032; x_wconf 87' lang='lat' dir='ltr'><strong><em>Pa·</em></strong></span> 
     </span>
     <span class='ocr_line' id='line_1_32' title="bbox 179 3055 1244 3127; baseline 0.002 -18"><span class='ocrx_word' id='word_1_305' title='bbox 179 3070 246 3110; x_wconf 89' lang='lat' dir='ltr'><strong><em>trem</em></strong></span> <span class='ocrx_word' id='word_1_306' title='bbox 261 3075 383 3111; x_wconf 78' lang='lat' dir='ltr'><strong><em>noverca.</em></strong></span> <span class='ocrx_word' id='word_1_307' title='bbox 395 3083 406 3104; x_wconf 82' lang='grc' dir='ltr'>ι</span> <span class='ocrx_word' id='word_1_308' title='bbox 423 3089 464 3100; x_wconf 89' lang='lat'>-</span> <span class='ocrx_word' id='word_1_309' title='bbox 475 3055 568 3110; x_wconf 81' lang='lat' dir='ltr'><strong><em>Glorioe</em></strong></span> <span class='ocrx_word' id='word_1_310' title='bbox 579 3058 631 3124; x_wconf 84' lang='lat' dir='ltr'><strong><em>feci</em></strong></span> <span class='ocrx_word' id='word_1_311' title='bbox 645 3057 736 3116; x_wconf 84' lang='lat' dir='ltr'><strong><em>locum,</em></strong></span> <span class='ocrx_word' id='word_1_312' title='bbox 751 3068 800 3108; x_wconf 89' lang='lat' dir='ltr'><strong><em>etc.</em></strong></span> <span class='ocrx_word' id='word_1_313' title='bbox 816 3055 939 3127; x_wconf 89' lang='lat' dir='ltr'><strong><em>Plerique</em></strong></span> <span class='ocrx_word' id='word_1_314' title='bbox 954 3067 1018 3108; x_wconf 85' lang='lat' dir='ltr'><strong><em>vett.</em></strong></span> <span class='ocrx_word' id='word_1_315' title='bbox 1035 3055 1137 3110; x_wconf 88' lang='lat' dir='ltr'><strong><em>oodioea</em></strong></span> <span class='ocrx_word' id='word_1_316' title='bbox 1151 3075 1244 3112; x_wconf 81' lang='lat' dir='ltr'><strong><em>manu·</em></strong></span> 
     </span>
     <span class='ocr_line' id='line_1_33' title="bbox 179 3133 1241 3208; baseline 0 -18"><span class='ocrx_word' id='word_1_317' title='bbox 179 3136 269 3208; x_wconf 76' lang='lat' dir='ltr'><strong><em>scripti</em></strong></span> <span class='ocrx_word' id='word_1_318' title='bbox 282 3150 327 3190; x_wconf 84' lang='lat' dir='ltr'><strong><em>aut</em></strong></span> <span class='ocrx_word' id='word_1_319' title='bbox 339 3137 429 3190; x_wconf 82' lang='lat' dir='ltr'><strong><em>excusi</em></strong></span> <span class='ocrx_word' id='word_1_320' title='bbox 441 3135 569 3188; x_wconf 83' lang='lat' dir='ltr'><strong><em>exhibent</em></strong></span> <span class='ocrx_word' id='word_1_321' title='bbox 584 3133 692 3189; x_wconf 77' lang='lat' dir='ltr'><strong><em>·...inde</em></strong></span> <span class='ocrx_word' id='word_1_322' title='bbox 704 3153 755 3206; x_wconf 90' lang='lat' dir='ltr'><strong><em>qua</em></strong></span> <span class='ocrx_word' id='word_1_323' title='bbox 767 3136 853 3187; x_wconf 86' lang='lat' dir='ltr'><strong><em>lucem</em></strong></span> <span class='ocrx_word' id='word_1_324' title='bbox 865 3134 965 3206; x_wconf 87' lang='lat' dir='ltr'><strong><em>premit</em></strong></span> <span class='ocrx_word' id='word_1_325' title='bbox 976 3135 1123 3206; x_wconf 83' lang='lat' dir='ltr'><strong><em>Aperitque</em></strong></span> <span class='ocrx_word' id='word_1_326' title='bbox 1133 3136 1241 3204; x_wconf 80' lang='lat' dir='ltr'><strong><em>Thetis,</em></strong></span> 
     </span>
     <span class='ocr_line' id='line_1_34' title="bbox 178 3213 1239 3286; baseline 0.002 -18"><span class='ocrx_word' id='word_1_327' title='bbox 178 3233 229 3286; x_wconf 79' lang='lat' dir='ltr'><strong><em>que</em></strong></span> <span class='ocrx_word' id='word_1_328' title='bbox 243 3217 331 3269; x_wconf 78' lang='lat' dir='ltr'><strong><em>ferens</em></strong></span> <span class='ocrx_word' id='word_1_329' title='bbox 343 3217 425 3268; x_wconf 86' lang='lat' dir='ltr'><strong><em>Titan</em></strong></span> <span class='ocrx_word' id='word_1_330' title='bbox 439 3214 510 3267; x_wconf 90' lang='lat' dir='ltr'><strong><em>diem</em></strong></span> <span class='ocrx_word' id='word_1_331' title='bbox 523 3215 619 3276; x_wconf 84' lang='lat' dir='ltr'><strong><em>Binoe,</em></strong></span> <span class='ocrx_word' id='word_1_332' title='bbox 633 3241 643 3262; x_wconf 74' lang='grc' dir='ltr'>ι</span> <span class='ocrx_word' id='word_1_333' title='bbox 662 3228 711 3268; x_wconf 88' lang='lat' dir='ltr'><strong><em>eto.</em></strong></span> <span class='ocrx_word' id='word_1_334' title='bbox 728 3213 857 3268; x_wconf 88' lang='lat' dir='ltr'><strong><em>Commel.</em></strong></span> <span class='ocrx_word' id='word_1_335' title='bbox 871 3231 903 3266; x_wconf 87' lang='lat' dir='ltr'><strong><em>ex</em></strong></span> <span class='ocrx_word' id='word_1_336' title='bbox 915 3213 990 3266; x_wconf 85' lang='lat' dir='ltr'>MSS.</span> <span class='ocrx_word' id='word_1_337' title='bbox 1004 3214 1072 3280; x_wconf 81' lang='lat' dir='ltr'><strong><em>suis,</em></strong></span> <span class='ocrx_word' id='word_1_338' title='bbox 1088 3228 1117 3268; x_wconf 88' lang='lat' dir='ltr'><strong><em>ut</em></strong></span> <span class='ocrx_word' id='word_1_339' title='bbox 1128 3217 1239 3285; x_wconf 78' lang='lat' dir='ltr'><strong><em>produci,</em></strong></span> 
     </span>
     <span class='ocr_line' id='line_1_35' title="bbox 178 3292 1241 3366; baseline 0.002 -19"><span class='ocrx_word' id='word_1_340' title='bbox 178 3296 215 3347; x_wconf 83' lang='lat' dir='ltr'><strong><em>aie</em></strong></span> <span class='ocrx_word' id='word_1_341' title='bbox 226 3297 315 3365; x_wconf 73' lang='lat' dir='ltr'><strong><em>glorioe</em></strong></span> <span class='ocrx_word' id='word_1_342' title='bbox 323 3294 375 3364; x_wconf 70' lang='lat' dir='ltr'><strong><em>sacci</em></strong></span> <span class='ocrx_word' id='word_1_343' title='bbox 387 3295 480 3356; x_wconf 58' lang='lat' dir='ltr'><strong><em>lacuum·</em></strong></span> <span class='ocrx_word' id='word_1_344' title='bbox 493 3295 550 3364; x_wconf 82' lang='lat' dir='ltr'><strong><em>Qua</em></strong></span> <span class='ocrx_word' id='word_1_345' title='bbox 562 3295 600 3346; x_wconf 82' lang='lat' dir='ltr'><strong><em>acl</em></strong></span> <span class='ocrx_word' id='word_1_346' title='bbox 609 3295 713 3346; x_wconf 80' lang='lat' dir='ltr'><strong><em>relucens</em></strong></span> <span class='ocrx_word' id='word_1_347' title='bbox 726 3313 818 3366; x_wconf 83' lang='lat' dir='ltr'><strong><em>quaque</em></strong></span> <span class='ocrx_word' id='word_1_348' title='bbox 829 3311 939 3364; x_wconf 79' lang='lat' dir='ltr'><strong><em>reponens</em></strong></span> <span class='ocrx_word' id='word_1_349' title='bbox 950 3292 1011 3343; x_wconf 84' lang='lat' dir='ltr'><strong><em>diem</em></strong></span> <span class='ocrx_word' id='word_1_350' title='bbox 1022 3293 1114 3357; x_wconf 82' lang='lat' dir='ltr'><strong><em>Binca,</em></strong></span> <span class='ocrx_word' id='word_1_351' title='bbox 1131 3307 1180 3348; x_wconf 89' lang='lat' dir='ltr'><strong><em>etc.</em></strong></span> <span class='ocrx_word' id='word_1_352' title='bbox 1196 3315 1241 3349; x_wconf 87' lang='lat' dir='ltr'><strong><em>ex-</em></strong></span> 
     </span>
     <span class='ocr_line' id='line_1_36' title="bbox 178 3370 1242 3446; baseline 0.002 -19"><span class='ocrx_word' id='word_1_353' title='bbox 178 3375 263 3428; x_wconf 88' lang='lat' dir='ltr'><strong><em>tulit:</em></strong></span> <span class='ocrx_word' id='word_1_354' title='bbox 282 3373 354 3429; x_wconf 91' lang='lat' dir='ltr'><strong><em>unde</em></strong></span> <span class='ocrx_word' id='word_1_355' title='bbox 374 3375 505 3446; x_wconf 74' lang='lat' dir='ltr'><strong><em>Scaliger,</em></strong></span> <span class='ocrx_word' id='word_1_356' title='bbox 521 3393 612 3446; x_wconf 84' lang='lat' dir='ltr'><strong><em>qunque</em></strong></span> <span class='ocrx_word' id='word_1_357' title='bbox 629 3393 761 3445; x_wconf 83' lang='lat' dir='ltr'><strong><em>reprcmenc</em></strong></span> <span class='ocrx_word' id='word_1_358' title='bbox 775 3372 844 3425; x_wconf 83' lang='lat' dir='ltr'><strong><em>diem.</em></strong></span> <span class='ocrx_word' id='word_1_359' title='bbox 863 3370 933 3436; x_wconf 88' lang='lat' dir='ltr'><strong><em>Sed,</em></strong></span> <span class='ocrx_word' id='word_1_360' title='bbox 950 3373 1009 3442; x_wconf 88' lang='lat' dir='ltr'><strong><em>quia</em></strong></span> <span class='ocrx_word' id='word_1_361' title='bbox 1026 3391 1110 3425; x_wconf 91' lang='lat' dir='ltr'><strong><em>uuum</em></strong></span> <span class='ocrx_word' id='word_1_362' title='bbox 1129 3386 1155 3426; x_wconf 91' lang='lat' dir='ltr'><strong><em>et</em></strong></span> <span class='ocrx_word' id='word_1_363' title='bbox 1170 3373 1242 3429; x_wconf 88' lang='lat' dir='ltr'><strong><em>idem</em></strong></span> 
     </span>
     <span class='ocr_line' id='line_1_37' title="bbox 178 3451 1242 3526; baseline 0.002 -20"><span class='ocrx_word' id='word_1_364' title='bbox 178 3452 338 3508; x_wconf 75' lang='lat' dir='ltr'><strong><em>ridebantur</em></strong></span> <span class='ocrx_word' id='word_1_365' title='bbox 347 3455 451 3506; x_wconf 70' lang='lat' dir='ltr'><strong><em>redicens</em></strong></span> <span class='ocrx_word' id='word_1_366' title='bbox 464 3467 489 3507; x_wconf 90' lang='lat' dir='ltr'><strong><em>et</em></strong></span> <span class='ocrx_word' id='word_1_367' title='bbox 501 3473 630 3526; x_wconf 83' lang='lat' dir='ltr'><strong><em>repromcns</em></strong></span> <span class='ocrx_word' id='word_1_368' title='bbox 643 3454 720 3516; x_wconf 82' lang='lat' dir='ltr'><strong><em>diem,</em></strong></span> <span class='ocrx_word' id='word_1_369' title='bbox 733 3451 878 3505; x_wconf 72' lang='lat' dir='ltr'><strong><em>Seriverius</em></strong></span> <span class='ocrx_word' id='word_1_370' title='bbox 889 3469 1000 3521; x_wconf 79' lang='lat' dir='ltr'><strong><em>reponem</em></strong></span> <span class='ocrx_word' id='word_1_371' title='bbox 1011 3453 1163 3524; x_wconf 72' lang='lat' dir='ltr'><strong><em>praeposuit.</em></strong></span> <span class='ocrx_word' id='word_1_372' title='bbox 1174 3453 1242 3509; x_wconf 85' lang='lat' dir='ltr'><strong><em>Mox</em></strong></span> 
     </span>
     <span class='ocr_line' id='line_1_38' title="bbox 178 3529 1243 3605; baseline 0.002 -21"><span class='ocrx_word' id='word_1_373' title='bbox 178 3532 212 3584; x_wconf 88' lang='grc' dir='ltr'><strong><em>Η.</em></strong></span> <span class='ocrx_word' id='word_1_374' title='bbox 224 3533 349 3598; x_wconf 79' lang='lat' dir='ltr'><strong><em>Grotius,</em></strong></span> <span class='ocrx_word' id='word_1_375' title='bbox 360 3535 472 3585; x_wconf 80' lang='lat' dir='ltr'><strong><em>reducem</em></strong></span> <span class='ocrx_word' id='word_1_376' title='bbox 483 3553 574 3605; x_wconf 83' lang='lat' dir='ltr'><strong><em>quaque</em></strong></span> <span class='ocrx_word' id='word_1_377' title='bbox 584 3533 701 3603; x_wconf 77' lang='lat' dir='ltr'><strong><em>deponens</em></strong></span> <span class='ocrx_word' id='word_1_378' title='bbox 713 3531 775 3582; x_wconf 85' lang='lat' dir='ltr'><strong><em>diem</em></strong></span> <span class='ocrx_word' id='word_1_379' title='bbox 780 3551 791 3593; x_wconf 68' lang='grc' dir='ltr'><strong><em>ς</em></strong></span> <span class='ocrx_word' id='word_1_380' title='bbox 804 3529 877 3602; x_wconf 86' lang='lat' dir='ltr'><strong><em>quod</em></strong></span> <span class='ocrx_word' id='word_1_381' title='bbox 889 3549 992 3583; x_wconf 73' lang='lat' dir='ltr'><strong><em>mensu</em></strong></span> <span class='ocrx_word' id='word_1_382' title='bbox 1003 3531 1134 3585; x_wconf 84' lang='lat' dir='ltr'><strong><em>Gronovii</em></strong></span> <span class='ocrx_word' id='word_1_383' title='bbox 1146 3533 1243 3586; x_wconf 87' lang='lat' dir='ltr'><strong><em>confir-</em></strong></span> 
     </span>
     <span class='ocr_line' id='line_1_39' title="bbox 178 3611 1242 3685; baseline 0.001 -19"><span class='ocrx_word' id='word_1_384' title='bbox 178 3627 294 3679; x_wconf 82' lang='lat' dir='ltr'><strong><em>matum,</em></strong></span> <span class='ocrx_word' id='word_1_385' title='bbox 307 3615 430 3685; x_wconf 80' lang='lat' dir='ltr'><strong><em>quamvis</em></strong></span> <span class='ocrx_word' id='word_1_386' title='bbox 444 3613 471 3665; x_wconf 91' lang='lat' dir='ltr'><strong><em>in</em></strong></span> <span class='ocrx_word' id='word_1_387' title='bbox 484 3613 505 3664; x_wconf 89' lang='lat' dir='ltr'>F</span> <span class='ocrx_word' id='word_1_388' title='bbox 505 3613 600 3665; x_wconf 89' lang='lat' dir='ltr'><strong><em>lorent.</em></strong></span> <span class='ocrx_word' id='word_1_389' title='bbox 617 3611 709 3665; x_wconf 87' lang='lat' dir='ltr'><strong><em>oodice</em></strong></span> <span class='ocrx_word' id='word_1_390' title='bbox 720 3611 831 3662; x_wconf 84' lang='lat' dir='ltr'><strong><em>reducens</em></strong></span> <span class='ocrx_word' id='word_1_391' title='bbox 845 3629 936 3683; x_wconf 85' lang='lat' dir='ltr'><strong><em>qunque</em></strong></span> <span class='ocrx_word' id='word_1_392' title='bbox 949 3629 1062 3680; x_wconf 81' lang='lat' dir='ltr'><strong><em>reponens</em></strong></span> <span class='ocrx_word' id='word_1_393' title='bbox 1072 3611 1132 3662; x_wconf 83' lang='lat' dir='ltr'><strong><em>diem</em></strong></span> <span class='ocrx_word' id='word_1_394' title='bbox 1142 3612 1242 3683; x_wconf 81' lang='lat' dir='ltr'><strong><em>legere-</em></strong></span> 
     </span>
     <span class='ocr_line' id='line_1_40' title="bbox 179 3689 1240 3764; baseline 0.002 -20"><span class='ocrx_word' id='word_1_395' title='bbox 179 3704 230 3757; x_wconf 85' lang='lat' dir='ltr'><strong><em>tur,</em></strong></span> <span class='ocrx_word' id='word_1_396' title='bbox 244 3693 364 3764; x_wconf 88' lang='lat' dir='ltr'><strong><em>plerique</em></strong></span> <span class='ocrx_word' id='word_1_397' title='bbox 376 3705 466 3764; x_wconf 86' lang='lat' dir='ltr'><strong><em>poatea</em></strong></span> <span class='ocrx_word' id='word_1_398' title='bbox 475 3705 639 3764; x_wconf 76' lang='lat' dir='ltr'><strong><em>cooptavere.</em></strong></span> <span class='ocrx_word' id='word_1_399' title='bbox 648 3693 771 3745; x_wconf 78' lang='lat' dir='ltr'><strong><em>Attamen</em></strong></span> <span class='ocrx_word' id='word_1_400' title='bbox 780 3689 964 3754; x_wconf 82' lang='lat' dir='ltr'><strong><em>Schroederus,</em></strong></span> <span class='ocrx_word' id='word_1_401' title='bbox 975 3703 1089 3744; x_wconf 86' lang='lat' dir='ltr'><strong><em>veterem</em></strong></span> <span class='ocrx_word' id='word_1_402' title='bbox 1100 3691 1240 3746; x_wconf 89' lang='lat' dir='ltr'><strong><em>lectionem</em></strong></span> 
     </span>
     <span class='ocr_line' id='line_1_41' title="bbox 177 3768 1241 3843; baseline 0.003 -19"><span class='ocrx_word' id='word_1_403' title='bbox 177 3773 346 3843; x_wconf 78' lang='lat' dir='ltr'><strong><em>complexus,</em></strong></span> <span class='ocrx_word' id='word_1_404' title='bbox 362 3784 453 3826; x_wconf 80' lang='lat' dir='ltr'><strong><em>caetera</em></strong></span> <span class='ocrx_word' id='word_1_405' title='bbox 472 3785 595 3843; x_wconf 82' lang='lat' dir='ltr'><strong><em>tauquam</em></strong></span> <span class='ocrx_word' id='word_1_406' title='bbox 613 3790 663 3842; x_wconf 87' lang='lat' dir='ltr'><strong><em>per</em></strong></span> <span class='ocrx_word' id='word_1_407' title='bbox 677 3774 859 3840; x_wconf 80' lang='lat' dir='ltr'><strong><em>conjecturam</em></strong></span> <span class='ocrx_word' id='word_1_408' title='bbox 877 3770 1000 3822; x_wconf 78' lang='lat' dir='ltr'><strong><em>innovate</em></strong></span> <span class='ocrx_word' id='word_1_409' title='bbox 1017 3768 1152 3842; x_wconf 72' lang='lat' dir='ltr'><strong><em>repudiat,</em></strong></span> <span class='ocrx_word' id='word_1_410' title='bbox 1169 3773 1241 3826; x_wconf 81' lang='lat' dir='ltr'><strong><em>inati-</em></strong></span> 
     </span>
     <span class='ocr_line' id='line_1_42' title="bbox 176 3847 1241 3924; baseline 0.003 -21"><span class='ocrx_word' id='word_1_411' title='bbox 176 3849 277 3906; x_wconf 81' lang='lat' dir='ltr'><strong><em>dioaius</em></strong></span> <span class='ocrx_word' id='word_1_412' title='bbox 287 3851 413 3924; x_wconf 86' lang='lat' dir='ltr'><strong><em>quidem,</em></strong></span> <span class='ocrx_word' id='word_1_413' title='bbox 424 3870 510 3923; x_wconf 88' lang='lat' dir='ltr'><strong><em>quum</em></strong></span> <span class='ocrx_word' id='word_1_414' title='bbox 523 3869 610 3922; x_wconf 88' lang='lat' dir='ltr'><strong><em>neque</em></strong></span> <span class='ocrx_word' id='word_1_415' title='bbox 620 3851 649 3903; x_wconf 91' lang='lat' dir='ltr'><strong><em>in</em></strong></span> <span class='ocrx_word' id='word_1_416' title='bbox 663 3851 748 3922; x_wconf 80' lang='lat' dir='ltr'><strong><em>prisce</em></strong></span> <span class='ocrx_word' id='word_1_417' title='bbox 760 3849 874 3903; x_wconf 88' lang='lat' dir='ltr'><strong><em>lectione</em></strong></span> <span class='ocrx_word' id='word_1_418' title='bbox 884 3847 1030 3920; x_wconf 82' lang='lat' dir='ltr'><strong><em>quidquem</em></strong></span> <span class='ocrx_word' id='word_1_419' title='bbox 1042 3850 1075 3903; x_wconf 82' lang='lat' dir='ltr'><strong><em>eit</em></strong></span> <span class='ocrx_word' id='word_1_420' title='bbox 1087 3849 1161 3922; x_wconf 92' lang='lat' dir='ltr'><strong><em>quod</em></strong></span> <span class='ocrx_word' id='word_1_421' title='bbox 1175 3852 1241 3906; x_wconf 80' lang='lat' dir='ltr'><strong><em>adeo</em></strong></span> 
     </span>
     <span class='ocr_line' id='line_1_43' title="bbox 176 3927 1242 4003; baseline 0.003 -20"><span class='ocrx_word' id='word_1_422' title='bbox 176 3929 356 3996; x_wconf 82' lang='lat' dir='ltr'><strong><em>desideretur,</em></strong></span> <span class='ocrx_word' id='word_1_423' title='bbox 371 3950 457 4003; x_wconf 88' lang='lat' dir='ltr'><strong><em>neque</em></strong></span> <span class='ocrx_word' id='word_1_424' title='bbox 468 3930 503 3984; x_wconf 83' lang='lat' dir='ltr'><strong><em>itu</em></strong></span> <span class='ocrx_word' id='word_1_425' title='bbox 517 3930 670 4001; x_wconf 76' lang='lat' dir='ltr'><strong><em>conspirent</em></strong></span> <span class='ocrx_word' id='word_1_426' title='bbox 680 3929 755 3982; x_wconf 85' lang='lat' dir='ltr'>MSS.</span> <span class='ocrx_word' id='word_1_427' title='bbox 770 3929 798 3982; x_wconf 91' lang='lat' dir='ltr'><strong><em>in</em></strong></span> <span class='ocrx_word' id='word_1_428' title='bbox 812 3947 841 3982; x_wconf 80' lang='lat' dir='ltr'><strong><em>ea</em></strong></span> <span class='ocrx_word' id='word_1_429' title='bbox 854 3927 1026 3994; x_wconf 77' lang='lat' dir='ltr'><strong><em>stabilienda,</em></strong></span> <span class='ocrx_word' id='word_1_430' title='bbox 1040 3943 1070 3982; x_wconf 92' lang='lat' dir='ltr'><strong><em>ut</em></strong></span> <span class='ocrx_word' id='word_1_431' title='bbox 1082 3930 1156 4000; x_wconf 84' lang='lat' dir='ltr'><strong><em>rejici</em></strong></span> <span class='ocrx_word' id='word_1_432' title='bbox 1168 3933 1242 3986; x_wconf 80' lang='lat' dir='ltr'><strong><em>neiat</em></strong></span> 
     </span>
     <span class='ocr_line' id='line_1_44' title="bbox 176 4007 1241 4086; baseline 0.001 -24"><span class='ocrx_word' id='word_1_433' title='bbox 176 4011 267 4064; x_wconf 83' lang='lat' dir='ltr'><strong><em>luerit.</em></strong></span> <span class='ocrx_word' id='word_1_434' title='bbox 279 4012 416 4086; x_wconf 83' lang='lat' dir='ltr'><strong><em>Namque,</em></strong></span> <span class='ocrx_word' id='word_1_435' title='bbox 430 4023 526 4082; x_wconf 70' lang='lat' dir='ltr'><strong><em>preter</em></strong></span> <span class='ocrx_word' id='word_1_436' title='bbox 540 4007 608 4062; x_wconf 83' lang='lat' dir='ltr'><strong><em>duos</em></strong></span> <span class='ocrx_word' id='word_1_437' title='bbox 621 4009 752 4063; x_wconf 73' lang='lat' dir='ltr'><strong><em>Palatinos</em></strong></span> <span class='ocrx_word' id='word_1_438' title='bbox 765 4008 924 4062; x_wconf 88' lang='lat' dir='ltr'><strong><em>Commeliui</em></strong></span> <span class='ocrx_word' id='word_1_439' title='bbox 936 4020 962 4060; x_wconf 91' lang='lat' dir='ltr'><strong><em>et</em></strong></span> <span class='ocrx_word' id='word_1_440' title='bbox 973 4009 1164 4080; x_wconf 74' lang='lat' dir='ltr'><strong><em>Moguntinum</em></strong></span> <span class='ocrx_word' id='word_1_441' title='bbox 1178 4012 1241 4065; x_wconf 90' lang='lat' dir='ltr'><strong><em>Del·</em></strong></span> 
     </span>
     <span class='ocr_line' id='line_1_45' title="bbox 176 4087 1239 4162; baseline 0.001 -20"><span class='ocrx_word' id='word_1_442' title='bbox 176 4091 275 4152; x_wconf 76' lang='lat' dir='ltr'><strong><em>rionis,</em></strong></span> <span class='ocrx_word' id='word_1_443' title='bbox 290 4091 348 4144; x_wconf 90' lang='lat' dir='ltr'>MS.</span> <span class='ocrx_word' id='word_1_444' title='bbox 364 4090 446 4144; x_wconf 77' lang='lat' dir='ltr'><strong><em>Puris.</em></strong></span> <span class='ocrx_word' id='word_1_445' title='bbox 458 4090 532 4158; x_wconf 77' lang='lat'><strong>8029</strong></span> <span class='ocrx_word' id='word_1_446' title='bbox 545 4091 644 4162; x_wconf 85' lang='lat' dir='ltr'><strong><em>puriter</em></strong></span> <span class='ocrx_word' id='word_1_447' title='bbox 659 4089 738 4143; x_wconf 71' lang='lat' dir='ltr'><strong><em>hebet</em></strong></span> <span class='ocrx_word' id='word_1_448' title='bbox 752 4090 850 4140; x_wconf 85' lang='lat' dir='ltr'><strong><em>Patrem</em></strong></span> <span class='ocrx_word' id='word_1_449' title='bbox 859 4087 988 4158; x_wconf 84' lang='lat' dir='ltr'><strong><em>probavit;</em></strong></span> <span class='ocrx_word' id='word_1_450' title='bbox 1001 4089 1087 4158; x_wconf 70' lang='lat' dir='ltr'><strong><em>glorie</em></strong></span> <span class='ocrx_word' id='word_1_451' title='bbox 1095 4090 1146 4156; x_wconf 87' lang='lat' dir='ltr'><strong><em>scci</em></strong></span> <span class='ocrx_word' id='word_1_452' title='bbox 1155 4091 1239 4144; x_wconf 83' lang='lat' dir='ltr'><strong><em>locum.</em></strong></span> 
     </span>
     <span class='ocr_line' id='line_1_46' title="bbox 177 4165 1240 4242; baseline -0.001 -21"><span class='ocrx_word' id='word_1_453' title='bbox 177 4168 309 4224; x_wconf 78' lang='lat' dir='ltr'><strong><em>Badeniuc</em></strong></span> <span class='ocrx_word' id='word_1_454' title='bbox 323 4165 424 4232; x_wconf 76' lang='lat'>(1821)</span> <span class='ocrx_word' id='word_1_455' title='bbox 437 4190 549 4242; x_wconf 71' lang='lat' dir='ltr'><strong><em>reponens</em></strong></span> <span class='ocrx_word' id='word_1_456' title='bbox 562 4169 677 4222; x_wconf 80' lang='lat' dir='ltr'><strong><em>restituit</em></strong></span> <span class='ocrx_word' id='word_1_457' title='bbox 692 4188 699 4220; x_wconf 80' lang='lat' dir='ltr'>z</span> <span class='ocrx_word' id='word_1_458' title='bbox 714 4169 758 4223; x_wconf 91' lang='lat' dir='ltr'><strong><em>cui</em></strong></span> <span class='ocrx_word' id='word_1_459' title='bbox 771 4168 885 4221; x_wconf 88' lang='lat' dir='ltr'><strong><em>libenter</em></strong></span> <span class='ocrx_word' id='word_1_460' title='bbox 900 4166 1009 4234; x_wconf 76' lang='lat' dir='ltr'><strong><em>accedo,</em></strong></span> <span class='ocrx_word' id='word_1_461' title='bbox 1024 4169 1149 4239; x_wconf 79' lang='lat' dir='ltr'><strong><em>quonium</em></strong></span> <span class='ocrx_word' id='word_1_462' title='bbox 1162 4171 1240 4221; x_wconf 88' lang='lat' dir='ltr'><strong><em>lectio</em></strong></span> 
     </span>
     <span class='ocr_line' id='line_1_47' title="bbox 176 4247 1241 4320; baseline -0.001 -19"><span class='ocrx_word' id='word_1_463' title='bbox 176 4267 208 4302; x_wconf 80' lang='lat' dir='ltr'><strong><em>ex</em></strong></span> <span class='ocrx_word' id='word_1_464' title='bbox 228 4249 305 4304; x_wconf 89' lang='lat' dir='ltr'>MSS.</span> <span class='ocrx_word' id='word_1_465' title='bbox 325 4247 465 4320; x_wconf 71' lang='lat' dir='ltr'><strong><em>desumpta</em></strong></span> <span class='ocrx_word' id='word_1_466' title='bbox 486 4262 537 4315; x_wconf 83' lang='lat' dir='ltr'><strong><em>eet,</em></strong></span> <span class='ocrx_word' id='word_1_467' title='bbox 560 4262 587 4303; x_wconf 91' lang='lat' dir='ltr'><strong><em>et</em></strong></span> <span class='ocrx_word' id='word_1_468' title='bbox 608 4249 743 4303; x_wconf 78' lang='lat' dir='ltr'><strong><em>Grotiane</em></strong></span> <span class='ocrx_word' id='word_1_469' title='bbox 764 4249 922 4319; x_wconf 73' lang='lat' dir='ltr'><strong><em>conjecture</em></strong></span> <span class='ocrx_word' id='word_1_470' title='bbox 941 4259 1048 4319; x_wconf 76' lang='lat' dir='ltr'><strong><em>prestet</em></strong></span> <span class='ocrx_word' id='word_1_471' title='bbox 1063 4248 1241 4301; x_wconf 78' lang='lat' dir='ltr'><strong><em>concinnitate</em></strong></span> 
     </span>
    </p>
   </div>
   <div class='ocr_carea' id='block_1_3' title="bbox 229 4360 1077 4423">
    <p class='ocr_par' dir='ltr' id='par_1_8' title="bbox 229 4360 1077 4423">
     <span class='ocr_line' id='line_1_48' title="bbox 229 4360 1077 4423; baseline -0.002 0"><span class='ocrx_word' id='word_1_472' title='bbox 229 4360 259 4423; x_wconf 93' lang='grc' dir='ltr'><strong><em>Ι.</em></strong></span> <span class='ocrx_word' id='word_1_473' title='bbox 1038 4377 1077 4422; x_wconf 85' lang='lat' dir='ltr'><strong><em>tt</em></strong></span> 
     </span>
    </p>
   </div>
   <div class='ocr_carea' id='block_1_4' title="bbox 0 0 1610 5140">
    <p class='ocr_par' dir='ltr' id='par_1_9' title="bbox 0 0 1610 5140">
     <span class='ocr_line' id='line_1_49' title="bbox 0 0 1610 5140; baseline 0 0"><span class='ocrx_word' id='word_1_474' title='bbox 0 0 1610 5140; x_wconf 95' lang='lat' dir='ltr'><strong><em> </em></strong></span> 
     </span>
    </p>
   </div>
  </div>
 </body>
</html>
