3210 5140
363 524 433 595 138
550 526 603 595 IN
632 525 919 595 HERCULEM
946 523 1227 598 ,FURENTEM

357 658 454 717 invicti5
465 653 513 708 sed
529 654 625 708 melius
639 673 700 709 cum
712 653 930 709 antecedentibus
943 667 970 706 et
984 653 1154 726 sequentibus
1169 672 1313 726 rerumque
1328 645 1417 710 ociore

356 735 483 806 congruit
496 737 579 798 invisi,
597 734 670 806 quod
686 735 790 808 reperio
806 736 835 787 in
849 734 931 788 Paris.
951 731 1041 804 8037,
1057 734 1085 786 in
1103 735 1197 788 Avaut.
1211 733 1291 788 Vian.
1309 734 1414 808 Grypb.

356 813 428 868 Petr.
442 814 544 868 Fabric.
559 813 670 885 Rapbel.
685 815 813 868 Commel.
829 815 907 868 Grut.
923 826 950 866 et
962 814 1071 887 ceteris.
1087 813 1171 866 Paris.
1188 814 1278 878 8036,
1293 827 1324 866 ut
1338 814 1417 870 MSS.

357 893 486 948 Commel.
500 907 526 947 et
540 895 666 960 Gruteri,
679 908 709 948 ut
722 894 884 948 Puiaviensis
897 891 1024 956 Badeuii‚
1037 895 1142 955 immitis,
1156 890 1228 964 quod
1242 892 1417 948 similitudine

357 973 417 1025 soni
435 975 503 1026 rusie
521 974 686 1028 substantivo
702 976 769 1026 Ditis
782 972 892 1045 adjacet.
909 973 987 1026 Fero.
1002 971 1091 1043 egid.
1107 970 1168 1026 edd.
1185 984 1212 1026 et
1225 973 1307 1026 Paris.
1324 975 1417 1038 8024,

358 1055 434 1117 inviti,
452 1072 510 1125 que
520 1053 614 1117 lectio,
630 1053 693 1111 licet
703 1073 753 1125 per
764 1073 792 1108 se
807 1072 873 1106 vana
889 1053 962 1122 sitflet
975 1051 1173 1123 improbabilis,
1188 1053 1317 1126 optimam
1330 1053 1414 1115 banc,

359 1132 424 1183 Ditis
441 1137 523 1196 11111ζεί,
543 1145 633 1185 tuetur
647 1145 674 1186 et
688 1133 825 1186 confirmat
842 1151 849 1186 :
866 1151 943 1200 nam,
959 1146 991 1186 ut
1004 1131 1142 1184 adnotavit
1157 1132 1304 1190 Gruterus.
1321 1145 1416 1186 notum

357 1223 396 1263 est
408 1230 488 1283 quam
499 1211 552 1264 sint
563 1211 646 1284 figura
660 1213 758 1266 similes
769 1213 874 1266 literas
887 1225 913 1265 et
926 1224 945 1274 t,
960 1212 1050 1282 utique
1064 1211 1193 1282 scriptura
1205 1211 1415 1281 Longobardica.

358 1289 425 1344 lnde
437 1289 542 1344 videtur
554 1305 610 1346 orta
619 1291 765 1346 lectionum
780 1293 905 1358 varietas,
920 1310 1002 1362 qisum
1016 1292 1043 1343 in
1058 1289 1132 1344 MSS.
1148 1290 1213 1344 falso
1224 1292 1324 1343 lectum
1338 1295 1414 1355 inviti,

356 1368 403 1422 alii
421 1371 449 1423 in
470 1374 564 1434 invicti,
583 1371 626 1423 alii
643 1372 672 1423 in
694 1376 791 1425 immitis
807 1383 949 1425 mutarent.
966 1371 1036 1423 Huic
1053 1372 1142 1422 favent
1159 1373 1317 1440 conjecturae
1336 1373 1416 1424 rerba

358 1449 486 1502 Gruteri:
506 1478 516 1498 ι
528 1451 657 1504 Consului
670 1451 746 1506 MSS.
758 1465 784 1506 et
797 1452 885 1522 reperi
901 1451 929 1503 in
942 1450 1073 1521 plerisque
1085 1462 1130 1502 aut
1144 1454 1239 1502 immitis
1252 1462 1298 1502 aut
1315 1455 1415 1504 invicti:

358 1526 404 1580 sed
416 1530 452 1582 ita
465 1541 495 1581 ut
508 1542 647 1600 appareret
660 1531 731 1602 prius
744 1532 823 1584 fuisse
835 1533 903 1584 inviti
914 1530 955 1581 vel
970 1533 1055 1582 invitis.
1070 1555 1079 1576 ι

396 1609 462 1661 665.
482 1610 597 1661 Immenso
614 1629 692 1680 specu.
712 1610 894 1682 Interrogabat
911 1610 966 1662 Jac.
988 1609 1140 1663 Gronovius
1162 1613 1294 1660 «immenso
1314 1627 1349 1660 an
1371 1615 1414 1661 im-

358 1697 475 1739 merso?-
496 1689 577 1753 Quasi
589 1687 707 1742 dubitari
723 1692 824 1760 posset!

396 1771 462 1837 671.
476 1769 554 1820 Nocte
565 1771 600 1820 εἰσ
615 1773 692 1820 mista.
707 1770 784 1823 MSS.
799 1784 825 1822 et
838 1781 900 1822 vett.
916 1767 1006 1820 excusi
1020 1769 1068 1820 sale
1081 1787 1129 1819 non
1143 1767 1213 1819 dubie
1224 1768 1291 1818 solet.
1307 1769 1416 1823 Gruter.

357 1848 384 1898 in
399 1865 454 1899 unc
469 1847 526 1901 MS.
540 1848 695 1914 lectionem,
708 1869 781 1904 nunc
796 1860 944 1921 receptam,
960 1847 1076 1914 invenit,
1090 1866 1170 1917 quam
1184 1847 1263 1918 longe
1276 1847 1415 1902 meliorem

358 1945 449 1979 omnes
462 1928 494 1979 ab
508 1926 554 1979 illo
568 1947 738 2000 assumpsere.

398 2009 465 2077 674.
482 2007 577 2060 Pereat.
590 2007 670 2062 Paris.
689 2010 781 2074 8034,
790 2013 880 2081 pergit.
904 2056 908 2064 ,
946 2048 949 2059 .

399 2091 465 2157 676.
480 2087 561 2158 Rapis.
574 2087 655 2140 Paris.
671 2091 764 2152 8034,
778 2093 839 2158 ugit.
870 2149 872 2154 Ι

397 2168 461 2235 677,
475 2165 517 2218 Sie
527 2185 617 2236 proruas
630 2186 678 2220 aer.
693 2169 784 2222 Lectio
797 2169 825 2221 in
840 2168 963 2220 omnibus
978 2165 1054 2218 MSS.
1069 2179 1095 2219 et
1110 2167 1243 2238 plerisque
1260 2179 1330 2220 vett.
1340 2165 1417 2220 editt.

357 2246 455 2298 babitu.
471 2245 574 2298 Primus
592 2247 719 2301 Aventius
735 2267 812 2318 agger
830 2248 947 2300 intulisse
965 2246 1083 2312 videtur,
1100 2264 1153 2317 quo
1167 2265 1198 2299 ex
1215 2247 1290 2298 fonte
1305 2247 1417 2318 petitum

258 2331 259 2336 ’
360 2343 414 2378 non
426 2325 487 2378 satis
499 2337 611 2380 constat.
624 2327 692 2380 Eum
706 2329 801 2380 imitati
814 2342 875 2381 suut
886 2328 967 2380 Vian.
980 2326 1084 2399 Gryph.
1099 2326 1168 2378 Pete.
1182 2325 1286 2378 Fabric.
1298 2327 1417 2378 Comme·

357 2405 446 2469 linus;
460 2403 505 2457 sed
520 2423 613 2457 omnes
629 2405 672 2458 alii
686 2427 729 2458 aer
740 2419 926 2478 anteposuere,
939 2425 994 2459 non
1008 2405 1192 2458 auctoritatum
1207 2406 1289 2476 magis
1303 2423 1416 2458 numero

359 2502 438 2554 quam
453 2502 544 2536 sensus
560 2485 709 2556 prestantia
722 2485 936 2539 commendatum
950 2483 1020 2547 (vid.
1032 2503 1090 2556 que
1103 2496 1192 2538 notar.
1208 2503 1234 2556 p.
1252 2485 1288 2536 81
1298 2475 1319 2552 ).
1334 2483 1417 2538 Bade-

358 2564 418 2615 nius
433 2554 532 2631 (1821)
550 2564 578 2616 in
594 2577 694 2618 textam
712 2585 788 2634 agger
801 2566 945 2619 revocavit.
966 2565 1070 2635 «Vulgo
1088 2562 1191 2626 editur,
1207 2563 1310 2634 inquit,
1327 2584 1416 2634 pronus

358 2663 406 2705 aer,
423 2644 471 2714 qui
486 2643 506 2695 si
520 2656 614 2697 ventus
628 2656 683 2712 est,
698 2643 731 2697 ad
747 2646 842 2716 Styga,
856 2663 910 2697 uon
921 2645 974 2698 huc
988 2645 1114 2715 pertinet.
1126 2670 1137 2691 ι
1152 2643 1186 2695 Et
1199 2643 1309 2696 inferius
1324 2641 1415 2696 addit:

359 2723 457 2778 «Certe
470 2735 551 2775 vento
562 2722 699 2776 hauddum
713 2725 797 2777 utitur
807 2725 939 2786 Theseus,
956 2737 1011 2776 rate
1026 2724 1116 2794 Stygia
1129 2723 1299 2792 navigaturus
1310 2721 1416 2776 demum

356 2821 381 2854 11.
400 2805 462 2872 760.
476 2829 487 2851 ι
507 2803 546 2854 Ex
564 2803 605 2856 his
620 2817 691 2874 patet
709 2803 854 2857 Badeuium
874 2824 916 2855 uer
933 2822 986 2856 non
1003 2822 1075 2856 secus
1093 2803 1236 2874 accepisse,
1250 2821 1280 2855 ac
1296 2803 1316 2856 si
1332 2815 1416 2854 ventus

355 2881 529 2947 scriberetur,
543 2883 643 2954 quippe
656 2884 702 2954 qui
720 2883 862 2937 contendat
878 2883 1011 2937 Theseum
1025 2881 1115 2954 Stygio
1131 2894 1234 2935 tantum
1249 2901 1327 2935 amne
1342 2882 1417 2934 navi·

354 2974 462 3031 vgamem
475 2963 593 3034 potuisse
606 2983 665 3015 aere
679 2965 766 3035 urgeri
780 2983 787 3016 :
802 2984 850 3017 nos
865 2977 968 3027 autem,
984 2963 1029 3034 qui
1042 2982 1084 3013 aer
1096 2981 1145 3034 pro
1158 2982 1247 3013 amana
1259 2966 1287 3013 ri
1301 2961 1396 3013 reticetis
1407 3003 1414 3024 ,

359 3059 412 3094 non
427 3045 564 3113 prestante
578 3042 679 3114 quodam
692 3057 773 3108 vento,
788 3045 952 3116 accepimus.
968 3061 1022 3095 non
1036 3042 1163 3094 miramur
1176 3042 1309 3094 Theseum
1324 3042 1416 3114 preci·

358 3120 441 3192 pitem
455 3140 514 3174 aero
529 3123 603 3192 rapi,
616 3123 678 3176 licet
692 3124 719 3176 iu
731 3123 810 3195 Styge
822 3121 945 3176 nondum
960 3122 1080 3193 naviget,
1091 3121 1154 3173 licet
1164 3134 1191 3174 et
1202 3121 1314 3174 inferius
1324 3139 1349 3174 v.
1364 3127 1415 3191 7⁰4

359 3199 429 3253 idern
446 3221 491 3255 aer
502 3201 606 3255 dicatur
619 3207 726 3254 immotus
741 3216 768 3256 et
783 3203 862 3256 iners.
879 3200 960 3268 Quod
975 3201 1084 3254 demum
1101 3202 1193 3273 objicit
1207 3199 1354 3265 Budenius,
1368 3202 1416 3254 sci-

357 3281 420 3334 licet
433 3300 487 3335 non
502 3302 569 3353 opus
582 3299 636 3350 esse
649 3303 702 3334 aem
710 3295 846 3343 coactum,
861 3281 993 3354 siquidem
1010 3287 1062 3352 psa
1077 3281 1172 3332 deducit
1183 3281 1239 3344 via,
1259 3299 1314 3333 non
1328 3279 1416 3333 effica-

358 3361 414 3413 cius
426 3361 504 3415 nobis
518 3361 640 3415 videtur:
654 3382 713 3414 nam
726 3363 858 3434 aptissime
869 3362 924 3415 duo
936 3375 1047 3432 possunt
1061 3361 1150 3413 efferri
1161 3379 1175 3412 a
1187 3374 1266 3432 poeta
1277 3379 1335 3431 quae
1348 3379 1417 3412 rnor-

357 3441 407 3492 tale
419 3460 500 3511 genus
511 3443 537 3493 in
549 3443 647 3496 inferos
657 3461 773 3514 praeceps
785 3443 906 3514 rapiant,
917 3461 1012 3513 nempe
1025 3443 1074 3494 iter
1086 3442 1212 3512 proclive,
1224 3454 1251 3494 et
1261 3439 1300 3491 vis
1313 3440 1418 3492 aetheris

357 3539 458 3573 arcana.
472 3519 549 3575 Adde
562 3520 634 3592 quod
647 3541 690 3573 uer
699 3522 736 3574 sic
750 3522 912 3575 intellectum
926 3521 1010 3573 multo
1026 3517 1248 3573 accommodatius
1263 3521 1297 3571 sit
1310 3521 1417 3590 poetico

359 3602 488 3666 sermoni,
501 3619 578 3670 quam
593 3602 646 3652 sola
660 3613 687 3653 et
700 3601 740 3654 bis
752 3603 862 3672 repetita
876 3600 968 3654 devexi
983 3612 1009 3652 et
1023 3600 1101 3671 proni
1116 3600 1229 3653 tramitis
1241 3601 1338 3669 imago.

398 3680 589 3748 679.1mmensi
607 3685 680 3733 sinus.
700 3681 776 3736 MSS.
793 3693 820 3733 et
836 3692 899 3733 vett.
919 3678 980 3734 edd.
998 3684 1109 3731 immenso
1124 3683 1194 3742 sinu,
1215 3677 1288 3749 quod
1307 3691 1418 3750 propter

357 3770 510 3828 sequentem
526 3759 795 3830 ablativum‚'placido
812 3761 892 3823 sudo,
911 3760 1033 3830 spurium
1049 3778 1104 3811 non
1120 3759 1253 3810 immerito
1271 3757 1358 3810 visum
1372 3772 1418 3811 est.

357 3837 524 3897 Gronovius,
540 3851 646 3893 auctore
659 3839 822 3902 Florentino,
837 3843 942 3891 immensi
952 3845 1018 3891 sinus
1036 3839 1180 3890 substituit.

364 3923 367 3930 '
399 3917 465 3985 687.
482 3918 589 3983 Luctifer
600 3919 670 3971 bubo.
684 3919 753 3987 Alii,
769 3921 867 3986 letifer:
881 3920 918 3972 sic
935 3918 1059 3971 nonnulii
1072 3917 1150 3969 MSS.
1165 3917 1294 3970 Cotnnrel.
1309 3929 1335 3968 et
1350 3936 1419 3969 1111111

356 3995 484 4048 Minervse
496 3997 731 4069 Varsoviensisque
745 4000 959 4069 Putaviensisque
974 3997 1093 4052 badenii.

396 4079 461 4142 691.
488 4077 512 4128 Τ
510 4076 581 4128 abido
599 4082 674 4130 uictu.
695 4079 775 4132 Fern.
795 4077 895 4132 Isoard.
917 4078 985 4131 Phil.
1007 4091 1034 4129 et
1053 4076 1145 4128 Pariss.
1167 4075 1247 4130 codd.
1269 4075 1419 4138 sexdecim,

354 4155 448 4218 rabido,
465 4154 538 4228 quod
557 4169 671 4210 metrum
687 4178 741 4210 non
757 4159 851 4230 recipit
864 4159 945 4228 magis
963 4177 1041 4227 quarn
1060 4155 1154 4226 rapido,
1172 4157 1198 4208 in
1215 4156 1309 4208 Pariss.
1328 4157 1421 4218 8030,

354 4237 429 4299 8034
449 4250 475 4289 et
496 4239 570 4299 8166
593 4239 731 4308 scriptum.
750 4235 916 4310 Ceteroquiis
937 4237 1055 4308 vulgata,
1074 4255 1133 4306 qne
1153 4237 1180 4288 in
1204 4232 1292 4306 AEgid.
1313 4237 1419 4288 Ascens.
