3210 5140
283 2803 286 2810 ’
379 2809 443 2859 eima
455 2823 505 2857 nec
519 2805 656 2873 majestate
672 2798 805 2870 tragoediae
816 2794 887 2852 indi·

379 575 447 642 132
663 573 701 638 L.
730 567 901 637 ANNAEI
930 568 1149 638 SENECAE

533 705 632 773 Duris
649 717 765 772 oneret
782 716 917 794 pectora
932 700 1028 769 nodis
1045 727 1052 768 :

533 809 695 904 Plangant
715 809 824 877 tantos
844 831 936 875 arma
957 806 1096 876 dolores.

534 919 611 984 Non
631 941 690 983 vos
708 915 822 1009 patriae
842 912 946 981 laudis
968 916 1122 997 comites,

535 1021 604 1090 Ulti
621 1045 708 1090 saevo
724 1018 863 1088 vulnere
881 1043 992 1113 reges,

419 1235 502 1270 rino.
514 1213 602 1266 Nodis.
617 1209 734 1280 Intelligi
746 1209 822 1280 jubet
836 1209 886 1260 na·
931 1209 1134 1280 plangens.....·
1149 1205 1352 1270 lbid.1tt‚635
1366 1225 1373 1260 :
1392 1233 1403 1253 ι
1419 1208 1443 1257 Α

376 1297 491 1357 deuius,
510 1321 521 1340 ι
535 1294 627 1346 tubera
648 1309 680 1344 ex
695 1289 779 1361 plagis
801 1305 816 1339 a
840 1288 887 1340 sti·
931 1300 1040 1360 pectore
1057 1300 1157 1340 vestem
1174 1287 1312 1357 Deripuit,
1325 1286 1443 1357 planxit·

376 1379 431 1448 pite
444 1373 523 1428 illatis
534 1399 559 1436 n,
571 1383 601 1423 ut
614 1371 643 1422 in
659 1369 725 1422 Stat.
736 1368 823 1421 Theb.
835 1368 884 1428 lv,
931 1386 984 1439 que
997 1386 1058 1421 snos
1069 1365 1214 1420 furibundo
1226 1367 1345 1418 lacertos.
1360 1391 1371 1412 ι
1385 1367 1443 1417 Vo-

378 1456 434 1527 73:
455 1481 466 1502 ι
480 1471 540 1505 nom
556 1465 652 1504 trunca
666 1447 759 1502 vident
773 1446 807 1501 de
827 1447 887 1499 rul-
930 1449 990 1501 lunt
1005 1447 1127 1500 Thebani
1143 1447 1198 1500 suis
1214 1446 1341 1498 Hercules
1361 1445 1443 1500 annis

376 1554 439 1588 nere
462 1533 546 1586 rnulto
569 1532 695 1592 Cornua,
718 1541 744 1581 et
766 1526 888 1597 ingentes
930 1526 1185 1599 percutiatur,olinr
1196 1525 1372 1597 gloriosia‚ut
1381 1544 1442 1595 sup.

377 1617 513 1687 plagarum
528 1612 556 1664 in
572 1621 681 1681 pectore
694 1605 789 1660 nodos.
805 1632 816 1653 ·
836 1604 888 1658 Sed
930 1626 956 1660 v.
973 1625 1041 1660 rror
1057 1619 1083 1658 et
1096 1624 1169 1677 seqq.
1185 1606 1294 1658 verbera
1306 1605 1345 1657 illi
1359 1609 1444 1657 victri-

377 1713 427 1748 nec
452 1694 518 1745 duris
541 1707 591 1744 nec
610 1700 691 1742 oneret
713 1687 777 1738 bulo
798 1685 887 1738 sensui
930 1687 1134 1756 reipsiusmanu
1144 1684 1440 1756 infliganturoptarere.

375 1771 547 1845 respondent.
558 1767 651 1823 Nodos
662 1768 741 1820 clava
756 1765 889 1834 intellige,
930 1767 1004 1836 quasi
1017 1766 1115 1820 scelere
1123 1783 1171 1818 suo
1179 1763 1307 1818 meruerit
1319 1761 1440 1822 Alcides,

376 1873 427 1925 pro
449 1854 522 1905 clara
542 1851 599 1920 ipsa
619 1847 765 1901 adhibitos.
791 1845 886 1916 Virgil.
932 1859 962 1899 ut
980 1845 1088 1916 antiqua
1102 1845 1220 1899 victorin
1240 1841 1379 1914 laudisque
1401 1843 1443 1895 in·

377 1933 512 1992 AEn.vll,
524 1929 593 1982 506:
605 1922 887 1998 *Irnprorieindsunu
930 1938 1095 1988 strumenta,
1111 1943 1183 1977 nunc
1199 1923 1238 1976 illi
1258 1937 1285 1976 et
1297 1921 1396 1976 doloris
1416 1935 1443 1974 et

376 2013 421 2064 hic
436 2023 508 2063 torre
529 2019 642 2061 armatus
659 2007 769 2066 obusto,
785 2003 888 2075 stipitis
929 2023 1015 2076 poenae
1027 2006 1201 2058 instrumenta
1214 2003 1287 2055 liant.

377 2087 529 2160 hicgravidi
539 2085 626 2139 nodia.
638 2113 649 2132 ·
661 2082 887 2154 Plautdmphitr.
974 2101 1058 2136 ιω.
1074 2085 1133 2137 Non
1147 2103 1207 2146 vos,
1223 2096 1273 2136 etc.
1290 2082 1395 2136 Chorus
1408 2080 1441 2133 sd

377 2181 428 2223 act.
443 2170 457 2221 Ι
473 2207 481 2232 ,
495 2185 565 2221 scen.
586 2184 596 2216 r
615 2183 622 2217 :
645 2189 655 2210 ι
675 2161 833 2216 Onerandus
848 2174 888 2215 est
930 2163 1031 2216 occisos
1047 2163 1169 2216 Herculis
1185 2162 1255 2216 filios
1268 2161 1441 2215 convertitur.

376 2248 472 2320 pugnis
495 2246 586 2319 probe.
605 2269 616 2290 ι
643 2245 677 2296 Et
702 2243 779 2295 Nost.
808 2243 887 2294 Herc.
930 2242 1027 2296 Gallici
1040 2256 1129 2296 autern
1143 2244 1301 2313 interpretes
1316 2242 1389 2295 hunc
1402 2241 1442 2292 lo-

377 2329 441 2380 OEt.
458 2330 526 2379 1661
543 2343 550 2377 :
570 2351 580 2372 ι
594 2323 646 2375 Hic
659 2321 767 2385 nodus,
782 2321 887 2394 inquit,
930 2336 1030 2375 comet
1044 2341 1104 2394 qun
1116 2334 1263 2394 sequuntur
1274 2321 1340 2374 mihi
1351 2319 1443 2374 vitlen-

377 2409 452 2460 nnlla
465 2423 543 2478 quern
556 2403 642 2474 cupiet
653 2419 763 2466 manus,
778 2401 888 2453 Mecum
931 2414 976 2454 tur
986 2421 1040 2454 non
1055 2402 1231 2456 intellexisse:
1247 2402 1336 2472 Conpe'.
1352 2402 1442 2453 Tristes

376 2487 521 2559 perignem
535 2483 635 2553 flogret.
649 2505 660 2528 ι
678 2480 832 2534 Gronovius
842 2499 888 2532 co·
931 2483 1026 2548 ensants
1041 2482 1071 2534 de
1084 2502 1111 2534 ce
1126 2483 1193 2534 tim
1205 2482 1313 2534 crimine!
1319 2521 1327 2546 ,
1340 2501 1366 2532 ce
1379 2481 1444 2532 n'est

377 2566 476 2620 micum
491 2562 592 2634 judicat
606 2581 704 2613 onerare
717 2571 800 2632 pectus
814 2561 889 2611 clanoe
927 2579 974 2630 pas
982 2581 1013 2613 en
1023 2561 1172 2613 cambottam
1184 2563 1200 2613 ὰ
1210 2581 1246 2614 ses
1258 2565 1321 2613 cdte's
1329 2601 1361 2624 ,..
1371 2600 1378 2613 .
1387 2599 1441 2614 ....

377 2647 454 2708 node,
465 2645 553 2697 forsan
562 2641 685 2713 exemplo
697 2640 794 2694 cornici
802 2639 888 2692 Plauti
931 2661 957 2691 cc
979 2639 1038 2693 n'ese
1054 2661 1101 2712 pas
1122 2660 1151 2692 en
1170 2661 1231 2692 ocur
1253 2652 1365 2710 εκενςαηι
1382 2642 1398 2690 ὰ
1417 2642 1443 2690 ln

377 2725 514 2780 inductus:
527 2723 693 2775 mihicontrn
702 2720 890 2792 locutioaptis·
933 2720 991 2772 laste
1003 2722 1116 2790 d'Argor
1118 2759 1246 2774 .........
1258 2741 1302 2792 quc
1314 2741 1375 2772 voro
1385 2739 1442 2771 anes

933 2805 1014 2852 [πυκνί
1035 2802 1060 2852 la
1079 2813 1148 2852 mort.
1171 2801 1227 2854 Nec
1245 2801 1279 2854 ab
1298 2801 1349 2852 lroc
1364 2817 1443 2852 senen

931 2877 1074 2933 declinavit
1081 2881 1162 2933 Lere'e.
1170 2879 1367 2952 Exipsotnrn'en
1378 2898 1443 2932 oon·

932 2972 1005 3012 textu
1026 2973 1099 3031 patet
1118 2960 1186 3012 nihil
1207 2958 1279 3013 aliud
1301 2959 1443 3030 significari

932 3039 1044 3092 voluisse
1065 3039 1210 3103 Senecam,
1228 3058 1310 3110 quarn
1326 3040 1442 3092 liliorum

931 3119 1053 3172 Herculis
1069 3120 1240 3172 tenerrimam
1258 3131 1377 3186 etatem,
1391 3118 1443 3171 hoc

380 2903 430 2956 gna
442 2883 558 2936 videtur.

422 2983 506 3017 rrar.
523 2962 666 3031 Plangere,
685 2972 734 3013 etc.
748 2957 823 3012 Nihil
841 2955 887 3010 ad-

378 3056 513 3098 notatores
522 3043 549 3094 in
556 3041 628 3093 lrunc
636 3038 839 3093 locam:Gnllici
847 3056 889 3091 nu·

378 3139 432 3178 tem
444 3125 617 3193 interpretes:
629 3121 683 3189 Qus
697 3131 750 3170 tout
762 3137 806 3170 son
818 3137 886 3186 corps

377 3208 477 3275 ge'mrlrsc
494 3221 548 3253 sous
563 3201 683 3252 l’atteintc
699 3199 741 3250 des
753 3197 886 3258 doulam,-

377 3282 451 3356 quod
464 3299 573 3352 prorsus
590 3299 607 3332 a
621 3297 698 3332 sensu
711 3278 827 3330 alienum
845 3295 887 3330 ur·

376 3365 470 3417 bitror.
487 3358 666 3414 praecedentia
679 3357 751 3410 enim
765 3357 832 3408 mihi
848 3356 888 3407 vi·

378 3444 478 3496 dentur
498 3440 540 3493 hie
562 3458 618 3492 non
639 3434 764 3492 concludi
789 3434 889 3500 modo,

379 3522 513 3576 sedetiam
526 3519 642 3581 resumi,
655 3529 681 3570 et
692 3535 822 3570 summam
832 3533 890 3568 sen·

366 3602 468 3656 ‘tentiae
491 3601 546 3658 hoc
568 3617 624 3650 uno
644 3615 724 3650 versu
746 3594 887 3648 contineri.

380 3679 504 3742 Arumlo,
529 3680 668 3749 pharetra,
695 3676 795 3737 mborc,
818 3677 889 3743 stipes

380 3777 477 3830 corpus
490 3757 614 3812 Herculis
628 3755 724 3808 feriant
733 3754 811 3826 jussit
820 3754 890 3806 Cho·

382 3859 448 3903 rue;
464 3851 542 3908 atque
564 3835 592 3888 id
606 3836 702 3906 ipsum
721 3833 844 3888 breviore
864 3844 890 3886 et

381 3918 511 3993 pressiore
532 3914 641 3968 dicendi
658 3914 742 3967 forma
763 3913 888 3972 iteratur,

383 4019 450 4050 arma
463 3997 575 4049 Herculis
590 4005 668 4046 tantos
687 3995 804 4045 incutiant
820 3992 889 4044 dolo·

382 4099 427 4132 nes.
442 4078 569 4144 Plangere
580 4093 629 4143 pro
637 4077 770 4134 incutiant,
781 4091 795 4124 a
807 4076 888 4141 πληγὴ

380 4160 422 4211 vel
435 4156 536 4226 πλαγά,
548 4157 677 4226 pernimio.
690 4150 770 4206 ovid.
781 4151 888 4204 Metam.

382 4240 436 4304 VI,
455 4237 527 4298 ²48:
541 4233 764 4302 u.....laniataque
783 4244 889 4300 pectora

931 3199 986 3252 fere
1003 3197 1102 3251 modo:
1124 3225 1135 3246 ι
1149 3200 1217 3263 Vos,
1238 3199 1287 3250 filii
1306 3199 1444 3262 Herculis,

932 3279 1046 3350 quibus,
1063 3291 1174 3350 propter
1194 3279 1354 3349 pueritiam,
1374 3297 1442 3332 non·

933 3357 997 3411 dum
1017 3353 1108 3410 datum
1130 3371 1186 3411 erat
1205 3359 1317 3428 patriam
1336 3357 1442 3411 laudem

933 3436 1049 3502 imitari,
1065 3437 1112 3508 qui
1125 3456 1175 3490 nec
1189 3438 1335 3508 palaestram
1355 3457 1443 3508 neque

933 3516 1443 3588 crustumadhucnoveratis,quicervos

933 3595 1056 3667 quidem,
1070 3595 1117 3650 ced
1132 3596 1251 3650 nondum
1264 3598 1355 3650 leones
1367 3598 1443 3667 julia·

934 3687 1025 3746 tneque
1047 3676 1268 3731 leras'audebatis
1288 3677 1388 3748 figere,
1408 3678 1444 3729 ite

933 3754 967 3808 ud
992 3755 1097 3827 Stygios
1121 3770 1229 3828 portus,
1249 3757 1299 3821 ite,
1323 3759 1445 3810 innocuae

933 3835 1055 3896 umbre,
1072 3835 1100 3888 in
1116 3837 1205 3907 primo
1220 3837 1314 3890 limine
1326 3839 1388 3891 vite
1402 3838 1444 3889 fn·

933 3933 994 3966 rore
1011 3915 1093 3985 patris
1111 3933 1251 3987 oppressae.
1264 3943 1275 3963 ι
1292 3917 1327 3970 Et
1341 3935 1444 3968 stimma

933 4013 1024 4048 sensus
1038 4013 1093 4046 non
1109 3995 1221 4049 vertitur
1235 3997 1263 4048 in
1274 4015 1324 4048 ves.
1340 4015 1354 4049 a
1370 4014 1442 4048 rm

934 4073 967 4126 nd
981 4074 1071 4138 1130,
1083 4075 1130 4144 qui
1146 4076 1282 4145 sequeutia
1294 4089 1445 4146 preparant

933 4167 1035 4212 tantum
1052 4165 1080 4206 et
1093 4151 1230 4224 adjuvant.

978 4231 1060 4284 1123.
1078 4233 1131 4284 Uiri
1140 4254 1221 4295 soero,
1237 4248 1288 4288 etc.
1300 4237 1324 4287 A
1336 4248 1448 4306 recepto
