3070 5158
252 513 259 521 ·
313 465 861 587 ’0010100000010000
1058 507 1127 610 467

104 651 171 708 638.
190 647 346 721 stupenda.
359 649 392 700 Iu
404 645 520 700 Florem.
534 641 681 715 plangendo.
695 637 758 694 Vid.
778 643 835 695 Jac.
849 639 970 695 Gronoi'.
984 641 1012 695 in
1026 642 1131 696 schedia

63 735 153 788 Distu
169 765 209 775 -
225 729 260 784 Id
277 729 370 782 belitnn.
385 727 464 779 Both.
481 727 525 778 hoc
539 723 639 788 bellum
653 720 742 793 quod,
754 722 813 794 ipso
827 719 975 789 nesciente,
996 705 1130 796 irrepsisse

62 814 181 867 videtur.

109 897 177 956 641.
189 891 320 960 Infaustus.
333 885 414 940 Paris.
428 881 514 951 ⁸055,
525 885 631 952 insertus.

109 979 175 1036 642.
190 971 302 1024 Dinitte.
319 963 397 1030 Fero.
414 962 501 1036 AEgid.
515 960 616 1016 Isoard.
636 962 735 1014 Omitte.

110 1052 177 1115 643.
196 1049 312 1113 Sceleris,
331 1059 380 1100 etc.
403 1071 414 1092 ι
430 1045 462 1096 In
482 1041 558 1097 MSS.
579 1042 690 1110 aliquot,
713 1039 798 1111 inquit
818 1037 1015 1105 Courmeliuut',
1033 1053 1060 1092 et
1085 1040 1132 1094 ista

66 1135 181 1186 Iocasta
191 1129 361 1184 tribuuntur:
374 1121 420 1178 sed
434 1126 469 1177 ita
482 1119 845 1194 interpungendum,rceleris
855 1119 1040 1186 etsrandirsuoe
1046 1119 1133 1173 Portas

68 1211 188 1279 nefandus
197 1211 279 1277 srcter
292 1218 319 1260 ut
331 1206 496 1271 nuliassetut,
507 1203 629 1257 Nemetae
640 1221 649 1254 :
663 1209 761 1272 portas,
774 1211 825 1253 etc.
840 1224 851 1245 ι

111 1291 175 1355 645.
192 1289 285 1346 Poenm,
291 1299 317 1338 et
325 1285 435 1359 quidem,
449 1279 499 1336 etcss
512 1283 617 1334 Arcens.
626 1298 713 1352 poenas
721 1279 811 1343 solvet,
822 1286 847 1329 et
858 1277 950 1350 quidem
961 1297 1054 1350 graves.

111 1375 178 1446 ⁶46.
201 1366 293 1422 Hoecnc
314 1378 350 1418 est
366 1357 460 1436 poenu?
478 1360 608 1414 Nonnulli
626 1356 721 1422 (Peru.
745 1359 780 1411 lsL
799 1356 886 1429 AEgid.
906 1354 1002 1410 Philol.
1026 1358 1132 1410 Arcens.

70 1455 166 1504 Avaut.
178 1447 283 1521 Grypll.
294 1447 365 1499 Petr.
377 1440 455 1496 Febr.
466 1439 577 1512 Raphel.
589 1435 736 1500 Commel.)
745 1435 796 1489 Ιιαέε·
802 1455 875 1508 puna
883 1449 929 1499 est,
943 1435 1015 1508 quod
1024 1437 1136 1490 locastae

71 1531 211 1595 tribuunt,
229 1527 334 1580 nullon
351 1541 419 1576 vers.
441 1521 496 1585 ott
516 1519 550 1573 ad
564 1535 632 1571 vers.
651 1517 704 1572 651
728 1516 797 1569 iacto
815 1513 947 1569 diverbio.
965 1515 1037 1569 Deir.
1056 1515 1135 1570 Grut.

72 1610 162 1662 lleins.
174 1619 201 1661 et
211 1605 302 1660 decem
313 1602 408 1656 Pariss.
415 1599 477 1652 Haec
487 1611 522 1651 est
528 1591 623 1671 poenn?
635 1594 707 1668 quod
719 1595 851 1648 interserit
861 1593 1007 1670 Polynices.
1022 1594 1134 1648 Scriver.

72 1689 151 1741 Farn.
165 1687 249 1758 Thys.
263 1681 382 1739 Gronov.
396 1679 476 1734 Both.
492 1678 556 1732 Bad.
571 1677 663 1730 Hoecne
673 1687 709 1728 est
721 1669 814 1746 pana?
826 1674 952 1742 admissa,
967 1687 996 1728 ut
1013 1693 1062 1746 par
1080 1689 1135 1740 est,

71 1765 208 1839 Polynicis
224 1781 343 1836 persona.

114 1853 181 1916 647¹.
197 1839 366 1897 Dicer'ttss.
382 1841 470 1898 8006,
485 1834 552 1889 eliab.
1023 1895 1026 1906 Ι
1136 1849 1139 1856 ,

116 1928 181 1990 ors.
199 1925 343 1977 netarum.
358 1918 449 1973 nostri
461 1915 554 1978 uss.
569 1927 601 1968 n
612 1913 737 1978 ostien,
750 1911 793 1964 vet
806 1911 936 1975 rutam,
950 1899 1136 1980 tertuum,

72 2005 182 2060 hubent.
191 2003 247 2058 MS.
259 2013 367 2075 quoque
382 1997 511 2053 Commel.
522 2007 548 2049 et
559 1995 704 2066 interpres,
718 1993 846 2055 Thebano,
859 1991 931 2064 quod
947 1989 1029 2064 recipi
1046 1994 1138 2064 possit.

116 2087 180 2138 650.
203 2084 317 2136 Tenebat.
335 2081 368 2133 In
384 2077 485 2132 Baden.
500 2089 527 2129 et
546 2076 573 2128 in
593 2073 686 2127 Parias.
705 2073 778 2127 8028
797 2083 823 2124 et
840 2069 929 2129 8033,
947 2071 1046 2134 trachin
1083 2070 1138 2126 uod

74 2165 161 2218 miror
169 2161 316 2217 Badeninm
325 2159 438 2230 vulgatu
444 2156 590 2228 prastirlitsc
597 2194 605 2222 ‚
612 2171 695 2225 quum
706 2157 735 2204 e‘a
745 2148 798 2204 rint
809 2151 893 2204 multo
899 2153 1026 2222 majorem
1033 2093 1138 2207 taient.

118 2244 184 2298 651.
196 2244 318 2296 Numero:
330 2252 354 2292 et
362 2251 411 2301 ert,
426 2247 477 2289 etc.
490 2235 607 2288 Botheus
614 2232 709 2285 tribuit
722 2230 842 2300 Polynici
853 2231 905 2282 hoc
914 2229 998 2282 so'lum
1009 2233 1139 2298 verbum,

74 2343 190 2388 numera,
206 2335 232 2375 et
244 2319 379 2393 sequentia
399 2317 438 2369 At
457 2326 492 2366 est
508 2317 571 2366 torm¹
587 2313 645 2364 mitt
659 2331 711 2362 cum
731 2310 827 2379 regibtu
837 2329 928 2377 Jaom.
953 2311 988 2362 Te
1006 2311 1082 2363 turba
1096 2333 1138 2365 ee.

74 2405 154 2456 sutum
170 2401 290 2456 Adscribe
295 2434 306 2461 ,
321 2395 440 2460 Eteocli;
455 2395 529 2466 quasi
548 2393 628 2446 verba
645 2392 684 2444 At
704 2401 740 2441 est
765 2393 828 2440 tanti
845 2408 898 2440 rum
915 2389 1010 2459 regibus
1022 2392 1105 2459 jacen
1124 2409 1139 2444 ῃ

75 2483 212 2553 Polynicis
224 2479 331 2551 iugenio
346 2477 513 2529 abhorreant.
531 2475 653 2525 Attamen
669 2480 696 2521 et
714 2466 827 2539 cupidus
842 2467 918 2538 regni
931 2468 1043 2540 lingitur
1058 2469 1139 2541 Poly.

74 2562 157 2620 nicea,
169 2580 219 2616 nec
227 2557 305 2614 video
315 2575 364 2610 cur
375 2554 504 2610 abstineat
515 2552 562 2605 tali
572 2550 714 2603 verborum
724 2547 880 2624 pervicacia,
889 2565 972 2620 quum
982 2548 1059 2602 factis
1068 2549 1140 2620 ipsis,

75 2659 175 2711 nempe
188 2637 386 2712 oppugnatione
401 2629 492 2706 pa'trirc
508 2645 534 2684 et
549 2647 689 2700 congressu
708 2646 768 2680 cunt
788 2628 883 2689 fratre,
898 2639 996 2696 quanta
1011 2620 1140 2698 regnandi

76 2720 182 2774 arderet
195 2713 308 2773 libidine
326 2714 387 2768 satis
402 2729 533 2783 superque
548 2703 727 2760 declararetis.
746 2692 882 2760 liteinins,
902 2706 960 2774 qui,
982 2699 1140 2776 Euripidem

77 2801 195 2854 imitatus
216 2796 371 2867 Polynicem
391 2790 477 2844 voluit
501 2789 633 2841 mitiorem
659 2785 740 2837 fratre
762 2781 848 2835 rideri
868 2779 988 2844 (tooett'n
1012 2786 1082 2838 euim
1105 2787 1142 2839 atl

80 2879 248 2950 Polynicen,
263 2887 313 2930 aot.
327 2875 377 2938 1v,
394 2887 429 2923 ac.
444 2869 475 2923 3:
489 2869 593 2919 Etoous
601 2903 611 2928 ,
622 2862 857 2936 quejecroyar'splm
866 2863 932 2914 douc
941 2858 1142 2934 orphanum),

79 2955 132 3032 ipsi
141 2955 264 3028 Polynici
274 2950 428 3028 seutentiam
438 2947 571 3011 attribuit,
584 2962 662 3016 quam
674 2939 781 2996 Eteocle
791 2934 892 2994 tantum
904 2915 1010 3013 dignam
1023 2931 1141 3000 B'otheus

78 3049 173 3092 contra
184 3039 315 3091 librorum
326 3029 408 3084 fldem
416 3027 527 3101 judicat.
538 3021 621 3087 (Vidz
629 3041 688 3096 pag.
702 3021 840 3091 4·39,not.
851 3019 885 3074 a'tl
895 3036 962 3074 vers.
975 3019 1054 3086 651.)
1062 3021 1142 3078 Ad'de

79 3117 154 3190 quod
165 3117 274 3170 minime
280 3109 422 3167 verisimile
435 3107 546 3162 arbitrer
554 3107 607 3160 hoc
617 3116 734 3166 tantum,
747 3113 858 3162 numero,
870 3119 884 3154 0
895 3101 1022 3172 Polynice
1033 3103 1141 3168 referri,

80 3185 280 3270 quod'minime
292 3205 398 3247 acutum
412 3190 444 3242 sit
459 3201 485 3240 et
497 3185 599 3238 nullum
613 3200 734 3254 saporem
747 3183 850 3234 habeat.

123 3281 188 3332 652:
212 3273 250 3328 Te
270 3273 359 3337 ticin,
379 3279 430 3324 etc.
454 3261 532 3331 linc,
554 3253 761 3335 vulgolocastm
780 3253 922 3331 adscripta,
939 3248 1020 3312 tradit
1041 3261 1143 3316 Eteocli

80 3359 117 3412 H.
128 3356 251 3421 Grotius,
259 3366 297 3408 nt·
308 3345 385 3405 mat‘ri
396 3348 485 3402 minus
495 3343 687 3400 convenientia.
698 3341 796 3394 Recta:
812 3338 884 3412 quod
903 3338 1141 3411 sequiturstllefflta,

81 3437 209 3490 &ammodo
220 3437 306 3488 invisses
320 3435 380 3493 tuis,
396 3427 518 3499 Polynici
534 3422 668 3478 attribuit:
681 3439 743 3473 ruox
758 3419 825 3473 illud
838 3437 899 3472 vere
913 3418 1098 3490 tyrannicum,
1115 3435 1145 3475 ut

80 3519 121 3571 ait
133 3513 301 3579 Gronovius,
319 3513 415 3563 iterum
433 3501 545 3560 Eteocli:
561 3498 683 3566 mitiora,
698 3499 749 3568 Oui
760 3499 814 3551 vult
829 3502 920 3556 amari,
935 3494 1057 3567 Polynici
1074 3518 1080 3552 :
1097 3499 1144 3552 de.

83 3597 165 3666 nique
180 3593 296 3654 Eteocli,
314 3591 440 3660 Praecpta
456 3587 553 3648 molitu,
571 3601 632 3636 cunt
649 3581 762 3650 reliquo.
780 3580 843 3632 Haec
860 3579 896 3630 ita
912 3575 1052 3630 distributa
1067 3580 1145 3649 plane

83 3673 226 3729 commoda
240 3671 368 3732 arbitror,
386 3668 436 3720 nisi
456 3663 529 3738 quod
548 3679 652 3715 versum
675 3660 726 3728 Qui
741 3659 797 3710 cult
814 3661 907 3720 amari,
924 3656 1040 3725 languida
1060 3671 1146 3728 regnae

83 3775 174 3820 mauu,
189 3751 284 3806 melius
294 3747 396 3803 Eteocli
409 3745 499 3798 datum
512 3757 612 3816 putem.
624 3738 691 3793 Nam
705 3738 821 3807 languida
833 3755 904 3788 manu
917 3753 997 3806 prave
1012 3736 1145 3808 interpre-

83 3835 136 3888 tari
151 3831 218 3887 mihi
234 3830 372 3892 ridentur,
388 3826 435 3898 qui
453 3844 482 3878 ea
498 3825 534 3876 sic
552 3821 716 3890 intelligunt,
740 3818 813 3889 quasi
833 3816 962 3870 scribatur
981 3816 1105 3870 clementer
1124 3831 1148 3870 et

84 3916 178 3966 leniter.
190 3910 319 3981 Languida
327 3926 397 3959 manu
408 3905 434 3957 in
445 3904 538 3956 malam
549 3914 652 3971 partem
661 3896 757 3950 rectius
767 3897 902 3968 accipitur,
912 3908 939 3947 ct
946 3895 1078 3966 aptissime
1086 3917 1147 3951 cum

84 3993 265 4064 superioribus
282 3998 408 4042 consonat
427 3984 500 4036 multa
517 3982 676 4034 domitianum
688 3988 757 4028 vetat
769 3976 849 4028 Amor
861 3993 965 4026 suorum.
981 3973 1045 4032 Vid.
1065 3979 1147 4031 iuter.

85 4085 157 4142 pret.
171 4089 230 4143 pag.
244 4076 308 4135 440.
321 4099 361 4111 -
372 4065 473 4118 Omnes
485 4074 544 4116 aute
558 4060 681 4114 Grotiurn
692 4075 723 4109 aa
733 4055 802 4109 iu'ter
815 4056 946 4108 locustam
958 4067 984 4106 et
995 4055 1149 4128 Polyuioern

938 4137 1005 4208 30²
1098 4193 1102 4202 .
