3172 5138
404 468 479 557 364
748 476 804 545 IN
830 473 1113 550 THYESTEM

442 604 507 672 981.
526 601 622 656 Celent.
637 604 716 660 Grut.
730 605 820 659 Heius.
834 605 917 660 Scrir.
932 606 1010 659 Farn.
1024 605 1107 675 Tbys.
1122 605 1209 657 caleat.

442 684 509 752 9⁸⁴·
525 681 647 737 libenter.
663 682 763 736 Isosrd.
778 698 805 738 et
817 683 878 739 cod.
895 689 987 751 8261,
1002 685 1110 736 libenter.

444 759 511 831 985.
528 761 629 815 Notum.
652 761 812 828 Quindecim
826 765 920 819 Parias.
934 777 962 818 et
975 773 1038 817 vett.
1052 761 1127 816 editt.
1144 763 1221 816 Fern.
1236 759 1343 816 lsosrd.
1357 764 1458 816 Arcens

404 841 477 894 Delr.
493 841 586 894 Arent.
602 841 682 894 Viae.
697 842 802 916 Gryph.
818 844 889 898 Petr.
905 844 1007 897 Fcbric.
1023 841 1133 914 Repbel.
1148 839 1227 898 Grut.
1241 841 1335 896 Heius.
1354 841 1458 895 Scriver.

404 920 484 973 farn.
497 919 580 990 Thya.
596 919 716 976 Gronov.
732 941 780 974 reor
796 923 859 978 solt.
876 922 953 977 Both.
968 935 995 976 et
1007 919 1106 974 Badeo.
1119 941 1151 975 ex
1166 923 1280 975 Etrusco
1296 921 1409 974 intulere
1420 941 1459 973 ac·

402 999 468 1063 linit,
485 997 559 1070 qnod
569 999 732 1070 recepimus,
747 1020 802 1055 non
816 1003 865 1056 rati
884 994 1168 1074 1pmptergrandiors
1180 1001 1280 1072 pocula
1293 999 1422 1070 gentilitia
1434 1014 1458 1054 et

402 1079 529 1131 ambabus
541 1079 663 1132 manibus
675 1078 828 1152 ospiends,·
847 1093 878 1135 nt
889 1081 992 1135 Botbcc
1003 1081 1115 1152 placuit,
1126 1079 1223 1152 plurali
1235 1093 1350 1132 numero
1361 1091 1458 1132 senten·

403 1157 467 1211 tiam
477 1155 610 1229 indigere,
621 1157 668 1212 sed
681 1160 742 1230 quia
757 1160 814 1214 lucc
828 1160 907 1214 lectio
920 1159 1064 1232 elegantior
1075 1159 1152 1212 nobis
1167 1159 1222 1212 visa
1235 1171 1283 1212 est.

442 1242 509 1306 994.
525 1238 556 1290 ln
567 1249 656 1290 meten
668 1238 769 1292 abdidit.
786 1239 829 1293 Sic
840 1239 991 1313 quindecim
1007 1239 1090 1294 nostri
1102 1235 1130 1292 et
1143 1235 1209 1294 lilrb.
1223 1256 1331 1304 omnes,
1346 1238 1458 1307 exceptis

402 1314 505 1369 Febric.
520 1328 547 1369 et
559 1317 652 1370 Bothss
665 1317 841 1384 editionibus,
862 1338 974 1391 quarum
987 1320 1068 1372 alters
1086 1317 1111 1370 in
1124 1331 1192 1370 rorte
1205 1317 1316 1381 obdidit,
1340 1320 1420 1373 alters
1436 1323 1458 1368 ir

401 1407 491 1448 noctem
506 1395 617 1466 addidit,
629 1415 690 1450 cum
703 1398 796 1451 Parias.
812 1399 886 1453 80²5
895 1439 903 1464 ,
918 1397 1008 1463 8ο36,
1022 1397 1105 1468 8037,
1122 1397 1209 1451 8663.
1229 1397 1341 1452 Secutus
1358 1412 1396 1452 est
1410 1398 1459 1448 Bo·

402 1474 478 1529 them
487 1475 663 1542 Gronovium,
675 1477 724 1550 qui
734 1477 795 1530 licet
803 1478 897 1530 abdidit
906 1477 934 1531 in
943 1489 1098 1532 contextum
1108 1477 1248 1548 receperit,
1259 1496 1287 1532 se
1296 1477 1365 1531 banc
1372 1476 1458 1531 lectio-

401 1573 462 1607 nem
475 1573 529 1607 non
542 1554 689 1626 intelligere
701 1554 863 1622 declarabat,
881 1570 907 1612 et
921 1558 1045 1611 censebat
1057 1555 1190 1626 scripsisse
1203 1568 1352 1621 auctorem,
1373 1573 1458 1627 mepte

401 1653 427 1686 se
439 1637 465 1685 irs
478 1647 568 1688 nortem
582 1634 684 1690 addidit.
706 1637 767 1690 Non
786 1634 904 1690 diffiteor
923 1636 1053 1690 Gronovii
1066 1637 1224 1706 conjectures
1236 1636 1363 1689 nonnulla
1377 1638 1458 1690 severe

403 1714 536 1786 exemplu,
549 1731 608 1786 qne
621 1714 649 1766 in
660 1717 729 1768 notis
740 1715 843 1782 ntulit,
864 1714 911 1770 sed
924 1715 989 1788 quid
1002 1715 1148 1768 mutatione
1159 1733 1227 1787 opus
1240 1727 1296 1779 est,
1308 1735 1391 1786 quum
1404 1715 1458 1766 vul·

402 1804 461 1864 grta
475 1811 525 1864 per
540 1811 567 1846 se
582 1793 651 1846 bona
663 1794 716 1848 sit?
738 1793 855 1848 Abditur
866 1814 919 1848 nos
933 1795 961 1849 in
976 1808 1097 1860 noctem,
1115 1811 1199 1865 Qum
1214 1795 1329 1848 tenebre
1345 1795 1455 1868 spissiori

401 1870 515 1946 quadam
527 1872 639 1943 caligine
651 1873 827 1927 involvuntur
837 1888 865 1928 et
876 1875 1036 1946 nigrescunt.
1051 1874 1111 1927 Nox
1125 1874 1284 1944 appellatur,
1296 1891 1357 1946 qne
1369 1873 1456 1927 sideri-

402 1953 451 2006 bus
464 1965 552 2005 tamen
568 1952 670 2024 fulget:
693 1953 856 2007 sitellantur
870 1953 970 2017 sidero,
988 1973 1042 2006 nox
1055 1952 1105 2008 alia
1118 1952 1181 2018 liet,
1201 1955 1230 2005 iu
1249 1972 1330 2024 quem
1350 1973 1401 2006 nor
1418 1953 1456 2004 ills

402 2032 540 2086 sublustris
555 2049 610 2084 sese
623 2029 774 2087 condidisse
787 2045 813 2086 et
826 2031 957 2086 abdidisse
969 2031 1054 2086 rideri
1067 2044 1153 2103 quent.

445 2129 522 2165 roco.
540 2111 610 2180 (tutd
621 2115 723 2165 tremuit.
740 2111 827 2184 AEgid.
840 2113 924 2184 quidve
937 2116 1023 2166 tremit.

445 2191 525 2244 roob.
539 2189 667 2260 Agnoscis.
683 2191 796 2248 Pontani
809 2191 878 2244 liber
890 2197 993 2262 agresti.

445 2287 526 2340 ¹⁰⁰9·
542 2270 650 2340 Abripir.
660 2270 738 2324 Fern.
752 2269 852 2324 Isoard.
861 2269 948 2342 AEgid.
963 2270 1059 2324 Philol.
1074 2273 1180 2324 Arcens.
1194 2283 1222 2322 et
1235 2283 1296 2324 octo
1310 2270 1403 2324 Perias.
1415 2289 1457 2322 no·

401 2347 460 2412 stri,
475 2351 569 2419 aerinis.

445 2445 496 2482 ror
504 2447 529 2480 s.
548 2427 619 2481 Stare
631 2431 695 2482 circe
709 2429 839 2482 Tantalum
851 2442 902 2483 etc.
914 2429 990 2484 MSS.
1005 2443 1032 2483 et
1046 2439 1110 2484 vett.
1127 2427 1204 2482 editt.
1217 2439 1282 2484 stare
1292 2433 1356 2480 circe
1370 2429 1458 2480 Tarte·

401 2507 450 2558 lior
466 2507 577 2578 Ararque
592 2519 699 2571 metros,
712 2511 735 2560 si
745 2513 797 2580 quis
807 2512 872 2561 intro
892 2510 916 2561 T
913 2521 996 2568 artare
1007 2522 1056 2572 ert,
1074 2508 1178 2578 Uterque
1185 2509 1240 2577 jam
1253 2508 1394 2560 dmm:
1408 2509 1459 2558 latire

400 2587 552 2657 compagibus
566 2587 602 2638 Et
616 2587 670 2640 ltine
685 2589 790 2654 mrelsis,
798 2589 843 2641 linc
856 2601 921 2642 tunm
933 2593 1031 2642 immani
1041 2592 1094 2641 situ
1105 2588 1211 2640 Demitts
1224 2588 1322 2639 vallem.
1333 2588 1422 2652 Quum
1432 2605 1459 2638 ea

401 2664 512 2736 intelligi
528 2685 603 2737 posse
615 2667 741 2722 fateretur
754 2668 922 2734 Gronovius,
944 2667 1091 2722 Florentiui
1107 2679 1195 2720 nmen
1211 2664 1312 2719 codicis
1325 2665 1458 2719 lectionem

401 2742 533 2814 laudnbnt,
546 2763 624 2816 quam
635 2745 735 2818 arripui
746 2765 808 2801 cum
818 2747 923 2802 Botbeo
935 2761 962 2800 et
974 2747 1101 2813 Badenio,
1115 2759 1145 2799 nt
1155 2763 1234 2798 sensu
1244 2746 1458 2816 probabiliorem.

445 2824 526 2879 1015.
543 2827 648 2878 Dimitte
657 2827 753 2879 comm.
768 2827 855 2898 Neget.
861 2827 1012 2881 Gronovius
1021 2825 1075 2880 dici
1088 2843 1164 2896 posse
1174 2826 1272 2877 demitte
1284 2825 1390 2887 vellem,
1400 2823 1459 2895 qnia

404 2904 494 2957 evellis
507 2908 560 2975 iam
574 2903 759 2960 demississime
769 2918 836 2973 est,·
847 2919 874 2959 et
883 2908 961 2977 jubet
970 2905 1095 2960 substitui
1104 2907 1183 2957 emitte
1196 2905 1301 2969 vallem,
1317 2904 1346 2957 h.
1354 2923 1377 2958 e.
1391 2903 1459 2974 speri

402 2984 496 3036 vellem
505 2983 580 3038 biatu
594 2997 678 3051 terre,
692 2998 721 3039 ut
734 2985 762 3038 in
778 3003 835 3039 eam
848 2985 1040 3040 absorbeantur
1053 2984 1154 3038 fratres.
1171 2981 1223 3038 Sed
1236 2984 1297 3055 quis
1309 2984 1379 3037 ierat
1389 2988 1460 3036 emitte

403 3075 467 3115 tuem
480 3064 569 3116 mttere
581 3083 630 3135 pro
643 3076 708 3116 tecm
717 3065 805 3117 collem
816 3069 904 3136 aperit
919 3065 1019 3119 Contra
1028 3065 1153 3118 demittere
1166 3081 1216 3135 pro
1228 3068 1254 3115 ia
1265 3063 1340 3115 altem
1353 3083 1460 3118 mecm

401 3154 426 3192 er
436 3147 528 3214 aperire
541 3142 750 3198 usitatisssimam
762 3162 769 3198 ε
785 3145 823 3198 sic
835 3143 910 3215 Virg.
923 3144 1071 3216 Georg.11,
1089 3144 1161 3197 230:
1177 3168 1188 3190 ι
1199 3143 1306 3214 alteque
1316 3143 1419 3213 jubebis
1430 3143 1459 3194 ln

402 3221 487 3282 solido
507 3235 618 3294 puteum
637 3222 770 3278 demitti.»
796 3224 874 3277 Fern.
894 3222 995 3278 lsoud.
1015 3221 1102 3293 AEgid.
1123 3221 1221 3276 Pbilol.
1238 3233 1265 3274 et
1281 3219 1459 3292 duodeviginti

402 3301 497 3356 Pariss.
510 3300 589 3357 codd.
603 3303 704 3358 dimitte.
717 3335 758 3348 -
772 3305 894 3370 Desmsos.
908 3303 1019 3359 Petr..et
1030 3303 1150 3373 quinque
1163 3302 1247 3356 nostri
1260 3299 1340 3354 codd.
1353 3301 1459 3368 defessos.

446 3385 527 3436 1018.
548 3383 643 3435 Tortor.
658 3381 756 3436 Omnes
769 3383 833 3437 libb.
846 3394 905 3436 ente
917 3382 1070 3436 Delrionem
1082 3381 1215 3434 habebunt
1225 3393 1298 3443 totns,
1311 3379 1385 3452 quod
1397 3379 1460 3433 Gru·

399 3471 471 3514 tems
490 3474 517 3516 et
533 3461 611 3515 Roth.
633 3461 809 3515 retinuerunt.
831 3460 884 3514 Sed
904 3461 995 3515 Heius.
1015 3460 1129 3515 Scriver.
1148 3461 1226 3513 Fam.
1245 3459 1328 3530 Thya
1343 3459 1458 3513 Gronov.

403 3540 508 3612 Ripont.
522 3553 550 3594 et
559 3539 659 3594 baden.
671 3553 755 3604 tortas,
769 3540 891 3595 validiori
903 3559 994 3605 seusu,
1007 3559 1056 3594 nec
1068 3552 1163 3594 contra
1173 3538 1249 3593 latini
1260 3539 1390 3592 sermonis
1400 3557 1459 3592 con·

402 3618 583 3686 suetudinem,
599 3633 628 3674 ut
641 3639 671 3673 er
686 3621 754 3685 illis,
768 3639 828 3693 que
842 3619 918 3674 attuli
931 3641 958 3692 p.
976 3619 1047 3684 323,
1063 3620 1190 3690 exemplis
1203 3630 1284 3690 petet.
1302 3619 1458 3690 Rapbeleng.

402 3699 576 3754 contendebat
591 3699 724 3772 scripsisse
736 3700 861 3754 Senecam
874 3711 961 3764 tortos,
980 3698 1053 3771 quod
1066 3697 1184 3752 laudavit
1196 3697 1358 3754 Gronovius.

445 3796 526 3848 ¹⁰¹9·
541 3781 628 3832 Exitio
639 3799 712 3850 supra
726 3792 815 3834 nostre.
833 3779 921 3850 Friget
934 3781 1085 3851 conjectura
1097 3775 1228 3834 Gronovii
1239 3817 1247 3846 ,
1258 3777 1351 3830 exsilic

446 3875 527 3911 ross.
544 3859 638 3928 Fugere
651 3864 730 3930 superi
744 3873 794 3913 etc.
808 3861 839 3911 ln
857 3858 994 3912 nonnullis
1009 3857 1093 3926 libris,
1106 3876 1202 3928 nempe
1217 3857 1245 3910 in
1261 3855 1401 3910 duodecim
1413 3855 1459 3908 Ρι-

340 4001 343 4006 Ι
403 3937 462 3990 riss.
477 3947 504 3989 et
521 3935 598 3991 editt.
611 3938 706 3992 Philol.
721 3938 831 4011 Rspbel.
845 3939 974 3992 Commel.
993 3937 1084 3991 Heius.
1102 3937 1216 3990 Scriver.
1229 3936 1309 3991 Foru.
1322 3935 1404 4008 'lbyc
1419 3933 1460 3986 hie

248 4033 252 4041 ¹
345 4075 347 4082 y
404 4013 567 4070 desideratur
580 4035 682 4083 verens,
693 4031 719 4072 et
731 4019 769 4072 sic
780 4018 895 4072 habetur
906 4018 996 4071 locus:
1013 4015 1115 4070 Immota
1124 4017 1193 4069 tellus
1201 4015 1297 4084 pondre
1308 4015 1460 4085 igmmmjr-

405 4102 463 4148 ces?
476 4097 541 4148 Are.
558 4096 642 4166 Recipe
653 4098 721 4149 hosce
730 4101 816 4151 citius:
830 4098 909 4150 liberis
921 4098 1015 4149 tardem
1028 4100 1074 4150 tuis
1085 4097 1137 4149 Die
1147 4099 1273 4166 repetitis,
1286 4095 1352 4146 melle
1359 4094 1461 4164 perfm·

406 4187 462 4227 trem
477 4188 511 4228 est
527 4195 603 4238 mora,
622 4177 711 4228 Fruere
724 4191 774 4232 etc.
797 4179 828 4230 In
846 4178 924 4230 Fern.
938 4177 1015 4230 Grut.
1031 4189 1057 4230 et
1070 4176 1163 4229 Perias.
1181 4173 1265 4238 8025,
1280 4180 1368 4242 8⁰²7,
1380 4175 1461 4234 8261,
