3168 5140
408 525 686 592 THYESTES.
720 523 827 590 ACT.
856 523 928 590 Ill.
1126 519 1194 592 261

195 658 238 722 Et
259 657 456 722 eminentem
476 657 591 724 civitas
613 653 746 724 humilis
767 656 900 740 tremit;

194 762 265 830 Nec
285 759 389 854 fulget
409 760 482 830 altis
502 759 708 856 splendidum
732 761 824 830 tectis
847 761 952 844 ebur,

165 961 171 966 1
195 868 401 961 Somnosque
420 891 489 936 non
509 865 660 938 defendit
677 867 848 936 excubitor
867 891 975 934 meos:

194 973 272 1040 Non
291 969 448 1042 classibus
469 974 653 1066 piscamur,
676 988 710 1040 et
729 986 818 1040 retro
840 995 930 1040 mere

195 1081 291 1147 tactu
306 1078 458 1172 fugamus
477 1077 562 1147 mole
580 1105 586 1145 :
606 1104 673 1147 non
696 1092 845 1145 ventrem
868 1079 1055 1172 improbum
1164 1103 1203 1149 tto

196 1183 322 1252 Alimus
339 1184 463 1253 tributo
486 1187 633 1278 gentium
651 1211 658 1251 :
675 1183 783 1251 nulius
806 1183 887 1250 mihi

143 1371 366 1425 tehuiclocouou
378 1369 649 1436 dissimilisiurenies,
694 1370 801 1423 Seturn.
821 1373 865 1438 11,
887 1391 918 1423 η
941 1390 947 1423 :
968 1371 1019 1426 Nec
1036 1387 1145 1428 contentu
1160 1375 1204 1428 ilia

143 1463 170 1503 et
180 1452 268 1522 aptius
280 1450 408 1516 adhibita,
422 1451 450 1504 iu
460 1450 566 1504 Seneca·
573 1450 649 1524 epist.
694 1451 809 1520 ingluvies
820 1453 874 1518 suit
891 1455 963 1502 muris
979 1458 1017 1505 sui
1035 1459 1116 1524 copis's.
1137 1455 1202 1508 Num

143 1550 181 1600 90
196 1543 222 1584 et
234 1531 261 1582 iu
273 1530 420 1602 eliisvirg.
429 1531 525 1602 Georg.
537 1532 579 1596 11,
594 1535 646 1594 461
697 1530 827 1593 Octauius,
852 1531 979 1600 prefectis
1005 1533 1102 1598 classis,
1127 1539 1203 1588 sciens

142 1621 231 1684 etsqq.
240 1611 396 1675 Lucret.11‚
409 1617 481 1673 siet
490 1629 546 1682 sqq.
558 1609 649 1663 Horat.
694 1629 786 1662 scarum
809 1609 868 1660 adeo
892 1609 983 1662 Italicis
1006 1614 1113 1666 litoribus
1133 1619 1203 1684 igno·

142 1691 168 1753 t,
179 1689 225 1743 od.
241 1689 343 1755 31311,
362 1707 409 1750 ro,
428 1693 477 1756 16,
493 1693 541 1755 rs;
556 1689 609 1756 111,
627 1712 651 1753 ι,
695 1701 760 1752 tum,
776 1700 803 1741 ut
814 1691 1057 1744 menomeniatinum
1069 1697 1203 1763 ejuspiscis

76 1829 80 1839 Ι
146 1774 180 1824 16
199 1783 225 1822 et
239 1770 344 1841 passim.
361 1767 498 1823 claudian.
515 1771 543 1822 in
559 1767 650 1823 Rufin.
694 1767 829 1831 iubeamus,
844 1769 1002 1821 incredibilem
1013 1791 1133 1826 scarorum
1144 1776 1204 1826 mul·

142 1850 169 1913 1,
189 1853 241 1918 196
256 1860 283 1903 et
298 1867 357 1920 sqq.
372 1850 473 1902 Lucan.
488 1850 540 1912 IV,
548 1845 610 1917 ,373
625 1861 651 1901 et
695 1847 835 1910 titudinem,
850 1851 950 1900 vivariis
963 1852 1061 1902 rioribus
1075 1853 1121 1904 bru
1134 1855 1204 1908 adse·

142 1949 199 2002 sqq.
213 1929 307 1982 Meuil.
316 1929 350 1990 V,
370 1929 423 1982 368
440 1941 466 1982 et
479 1947 536 2000 sqq.
554 1928 569 1978 J
572 1947 648 1981 uveu.
693 1939 772 1991 ctum,
789 1927 953 1980 interOstium
965 1941 988 1980 et
998 1930 1136 2002 Campania
1146 1935 1202 1988 ium

142 2009 192 2073 Ν,
211 2009 236 2072 5,
253 2021 303 2060 etc.
694 2009 792 2058 inmare
800 2009 896 2080 sparsit,
908 2011 1011 2080 miroque
1020 2030 1049 2062 ac
1057 2031 1117 2063 novo
1125 2033 1201 2065 erem·

184 2089 248 2150 456.
265 2089 413 2152 Eminentem
425 2091 517 2150 ciuitas,
532 2100 581 2140 etc.
597 2088 650 2140 Pu·
689 2087 733 2154 plo
744 2091 820 2158 pisces
833 2091 858 2138 in
874 2091 950 2150 mart,
968 2100 1079 2160 tunquam
1095 2096 1121 2144 in
1137 2105 1201 2146 terra

142 2181 179 2220 tet
193 2167 285 2222 Delrio
296 2167 347 2220 hoc
363 2163 464 2220 dictum
475 2180 586 2239 propter
595 2168 649 2220 Vu·
688 2169 774 2236 fruges
784 2167 891 2240 aliquus,
904 2171 1081 2221 sennenn-
1092 2172 1127 2222 Et
1137 2185 1201 2226 retro

141 2248 237 2300 terium
254 2247 431 2312 Publicolam,
446 2247 509 2318 qui,
523 2264 606 2317 quum
622 2246 649 2298 iu
693 2265 766 2309 mare,
785 2259 834 2298 etc.
850 2247 942 2299 Horat.
960 2247 988 2299 iu
1006 2249 1108 2302 civium
1123 2251 1202 2306 luxu-

141 2345 243 2380 summs
257 2327 334 2380 Velie
348 2325 499 2388 edificaret,
518 2327 545 2378 in
562 2327 650 2396 suspi·
692 2326 759 2378 rium
772 2325 894 2378 similiter
905 2326 1024 2380 invectus
1039 2329 1096 2395 111,
1108 2330 1154 2386 od.
1170 2351 1181 2384 s
1195 2371 1203 2398 ,

141 2407 245 2460 cionem
264 2407 337 2459 venit
356 2405 470 2459 atteemsi
488 2405 562 2478 regui
578 2397 648 2473 (civ.
693 2423 718 2456 v.
737 2405 773 2458 33
788 2422 794 2456 :
813 2431 824 2451 ι
835 2405 976 2458 Contracta
992 2407 1077 2477 pisces
1092 2428 1200 2482 equore

142 2487 184 2551 Π,
198 2483 235 2556 7).
246 2485 298 2538 Sed
308 2484 396 2557 potuit
407 2486 505 2539 Seneca
516 2488 544 2538 in
554 2485 611 2550 his,
621 2498 650 2540 ut
692 2484 826 2548 sentiunt,
836 2483 851 2536 J
855 2484 918 2538 actis
926 2485 954 2537 in
964 2485 1048 2539 altum
1057 2489 1179 2544 molibus.
1187 2517 1198 2539 ι

142 2567 169 2618 in
190 2566 378 2637 sequentihus,
398 2585 454 2618 rem
474 2585 525 2618 sum
546 2577 648 2618 tautum
696 2563 757 2617 Seu.
777 2563 854 2636 epist.
868 2567 926 2634 89:
947 2565 1091 2640 Ubicumque
1109 2574 1134 2622 in
1146 2573 1201 2624 uli.

142 2645 225 2699 etatis
239 2644 385 2717 designare.
400 2645 444 2698 Sic
459 2647 533 2716 epist.
551 2647 602 2714 89,
617 2643 649 2697 sd
693 2663 759 2716 quem
773 2647 849 2696 sinum
861 2643 917 2694 litus
929 2645 1073 2708 curvabitur,
1089 2669 1133 2702 om
1140 2669 1201 2720 pm.

142 2725 292 2780 inxuriosos
304 2743 310 2778 ι
326 2725 442 2778 Omnibus
453 2726 507 2777 licet
520 2726 577 2776 locis
589 2736 649 2776 tecta
694 2727 757 2776 times
762 2723 922 2794 fundamenta
926 2725 1036 2793 jecistis,
1047 2746 1089 2778 nec
1098 2735 1203 2783 contenti

143 2817 224 2856 vestra
247 2804 401 2876 splendeant,
429 2805 516 2857 alieubi
541 2809 649 2874 impositu
693 2804 752 2865 solo,
771 2805 819 2854 nisi
832 2803 899 2873 quod
911 2823 982 2856 mareu
990 2806 1108 2870 feceritis,
1126 2813 1202 2863 maria

142 2884 271 2948 montibus,
288 2896 337 2938 etc.
694 2885 770 2952 agetis
779 2885 902 2934 introrsus.
913 2882 954 2935 Cf.
966 2883 1043 2936 Herc.
1053 2885 1105 2938 fur.
1120 2895 1201 2959 ¹⁰47·

183 2967 248 3036 457.
261 2965 337 3016 Ebur.
349 2963 567 3036 Prucipuaiuere
580 2962 649 3034 apud
735 2966 799 3026 460.
819 2961 962 3031 Improbum.
984 2961 1113 3030 Avidum,
1133 2967 1203 3022 insa.

142 3045 276 3098 Romanos
309 3041 452 3096 domorum
482 3055 652 3104 ornaments,
694 3042 825 3110 nubilem,
840 3041 917 3112 Virg.
932 3042 1028 3112 Georg.
1045 3044 1105 3107 111,
1122 3046 1201 3108 430:

142 3125 211 3176 ebur
223 3135 250 3177 et
260 3142 365 3176 surum.
378 3121 469 3178 Horat.
482 3123 525 3188 ΙΙ,
538 3121 582 3176 od.
599 3124 650 3176 18:
697 3147 708 3167 ι
722 3121 819 3192 Stagna
835 3121 916 3184 colit,
933 3121 1049 3192 ripisque
1063 3123 1201 3191 habitune,

146 3203 225 3256 ·Nou
247 3204 330 3268 ebur,
350 3220 439 3273 neque
459 3221 570 3256 aureum
591 3203 651 3254 Meo
693 3199 738 3252 hic
747 3199 862 3270 piscibus
872 3211 954 3251 utrem
964 3202 1106 3271 Improbus
1116 3205 1203 3276 inglu.

142 3281 248 3336 renidet
266 3283 296 3335 iu
314 3279 395 3334 domo
415 3282 532 3335 lacunar.
548 3307 559 3328 ι
578 3280 648 3333 sdd.
695 3280 764 3331 viem
771 3278 893 3348 ranisque
900 3278 1202 3354 loquacibusexpletdd.

143 3361 200 3414 Cic.
213 3361 307 3416 Pered-
321 3363 347 3426 Ι,
362 3362 387 3416 3.
400 3360 472 3415 suet.
485 3361 513 3414 iu
524 3361 587 3413 Ner.
603 3361 651 3414 31.
695 3361 755 3410 AEu.
771 3359 814 3422 11,
832 3357 887 3410 356
905 3376 912 3410 ε
933 3385 944 3405 ι
955 3359 1054 3431 Lupi...
1071 3381 1137 3432 quos
1152 3364 1202 3418 iur-

185 3443 251 3505 458.
269 3441 429 3514 Somnusque,
447 3454 496 3494 etc.
513 3441 569 3494 Nec
585 3440 650 3495 mihi
695 3439 779 3509 proba
788 3437 888 3489 ventris
897 3438 989 3508 Exegit
998 3457 1079 3492 curos
1087 3442 1199 3496 rabies..

143 3540 212 3594 opus
221 3533 260 3575 eet
269 3520 407 3592 vigilibus,
418 3521 463 3592 qui
473 3517 651 3574 dormientem
736 3520 803 3581 461.
821 3515 921 3568 Tributo
938 3521 1053 3588 gentium.
1071 3522 1124 3574 Aut
1139 3541 1203 3593 pro-

143 3602 223 3655 srmis
239 3613 373 3654 tueantur.
696 3596 765 3668 prie,
786 3597 802 3648 i.
820 3613 842 3648 e.
858 3596 972 3666 puhlicis
987 3599 1105 3668 gentium
1122 3605 1203 3656 vecti.

185 3681 251 3752 459.
267 3681 324 3734 Non
337 3679 450 3732 classibus
458 3682 587 3748 piscamur.
600 3679 652 3730 No·
696 3675 814 3748 gadibus,
833 3693 891 3746 quar
910 3677 1086 3747 Imperatores
1102 3695 1129 3734 et
1149 3701 1203 3735 mo·

143 3773 200 3812 tum
216 3779 297 3833 quarn
311 3759 466 3829 longinquis
481 3777 495 3811 e
511 3758 651 3820 tractibus,
696 3767 785 3826 gustes
800 3754 827 3806 in
845 3754 968 3826 parandis
982 3758 1113 3812 conviviis
1126 3763 1204 3816 absu-

143 3841 303 3911 qusutisque
321 3839 392 3891 curis
410 3851 436 3891 et
456 3838 580 3909 impensis
599 3839 652 3890 Ro-
697 3835 820 3898 mebsut3
840 3833 910 3887 unde
920 3833 1035 3900 Seneca,
1049 3837 1156 3894 Consol.
1172 3842 1205 3896 ed

144 3920 216 3972 mani
236 3919 378 3992 pisciculos
398 3929 570 3982 arcesserent,
585 3917 654 3987 gule
698 3914 775 3967 Helv.
788 3932 804 3981 9
818 3931 824 3964 τ
837 3913 865 3966 C.
881 3913 993 3967 Cesar...
1004 3921 1089 3970 centies
1099 3927 1207 3974 sestertio

144 3999 318 4052 irritamenta.
332 3998 425 4070 Neque
440 4017 497 4051 rem
512 3997 613 4069 poetice
625 3997 654 4048 ti·
698 3995 798 4046 sanavit
817 4013 864 4044 uno
883 3994 938 4057 die,
957 4007 980 4046 et
999 3999 1023 4046 in
1044 3999 1208 4056 insomnium

144 4079 230 4133 centis
244 4078 347 4132 suxisse
359 4078 454 4130 Noster
468 4076 618 4140 videbitur,
633 4076 654 4127 si
699 4075 795 4144 usbJ'utus
814 4077 923 4142 ingenio.
943 4079 987 4126 vis
1008 4089 1084 4130 tamen
1106 4081 1206 4142 inuenit,

145 4159 318 4216 conferentur
334 4158 470 4230 sequentia
486 4177 515 4212 es
532 4155 653 4208 Moerolr.
700 4154 815 4226 quomodo
829 4156 899 4206 trium
909 4157 1083 4222 provinciarum
1096 4159 1206 4212 tributum

1017 4251 1027 4287 3

963 4287 1004 4358 ¹7
