<?xml version="1.0" encoding="UTF-8"?>
<!DOCTYPE html PUBLIC "-//W3C//DTD XHTML 1.0 Transitional//EN"
    "http://www.w3.org/TR/xhtml1/DTD/xhtml1-transitional.dtd">
<html xmlns="http://www.w3.org/1999/xhtml" xml:lang="en" lang="en">
 <head>
  <title>
</title>
<meta http-equiv="Content-Type" content="text/html;charset=utf-8" />
  <meta name='ocr-system' content='tesseract 3.04.00' />
  <meta name='ocr-capabilities' content='ocr_page ocr_carea ocr_par ocr_line ocrx_word'/>
</head>
<body>
  <div class='ocr_page' id='page_1' title='image "./lannsenecparste02piergoog_0034.png"; bbox 0 0 3090 5142; ppageno 0'>
   <div class='ocr_carea' id='block_1_1' title="bbox 470 524 1160 596">
    <p class='ocr_par' dir='ltr' id='par_1_1' title="bbox 470 524 1160 596">
     <span class='ocr_line' id='line_1_1' title="bbox 470 524 1160 596; baseline 0 -4"><span class='ocrx_word' id='word_1_1' title='bbox 470 525 775 596; x_wconf 79' lang='lat' dir='ltr'><strong>DISSERTATIO.</strong></span> <span class='ocrx_word' id='word_1_2' title='bbox 1077 524 1160 592; x_wconf 83' lang='lat' dir='ltr'>xxix</span> 
     </span>
    </p>
   </div>
   <div class='ocr_carea' id='block_1_2' title="bbox 1 639 1200 2589">
    <p class='ocr_par' dir='ltr' id='par_1_2' title="bbox 1 639 1159 735">
     <span class='ocr_line' id='line_1_2' title="bbox 1 639 1159 735; baseline 0.002 -28"><span class='ocrx_word' id='word_1_3' title='bbox 1 639 2 654; x_wconf 55' lang='lat'>¹</span> <span class='ocrx_word' id='word_1_4' title='bbox 71 645 237 708; x_wconf 84' lang='lat' dir='ltr'><strong>imitatus.</strong></span> <span class='ocrx_word' id='word_1_5' title='bbox 262 643 353 708; x_wconf 83' lang='lat' dir='ltr'><strong>Nam</strong></span> <span class='ocrx_word' id='word_1_6' title='bbox 377 667 503 732; x_wconf 91' lang='lat' dir='ltr'><strong>quum,</strong></span> <span class='ocrx_word' id='word_1_7' title='bbox 533 663 571 710; x_wconf 88' lang='lat' dir='ltr'><strong>ut</strong></span> <span class='ocrx_word' id='word_1_8' title='bbox 588 667 774 735; x_wconf 71' lang='lat' dir='ltr'>praenomen</span> <span class='ocrx_word' id='word_1_9' title='bbox 794 644 894 710; x_wconf 85' lang='lat' dir='ltr'><strong>Marci</strong></span> <span class='ocrx_word' id='word_1_10' title='bbox 911 643 1060 725; x_wconf 78' lang='lat' dir='ltr'><strong>adderet,</strong></span> <span class='ocrx_word' id='word_1_11' title='bbox 1092 667 1159 709; x_wconf 87' lang='lat' dir='ltr'><strong>non</strong></span> 
     </span>
    </p>

    <p class='ocr_par' dir='ltr' id='par_1_3' title="bbox 1 749 1200 2312">
     <span class='ocr_line' id='line_1_3' title="bbox 1 749 1159 841; baseline -0.001 -26"><span class='ocrx_word' id='word_1_12' title='bbox 1 817 2 824; x_wconf 9' lang='grc' dir='ltr'>χ</span> <span class='ocrx_word' id='word_1_13' title='bbox 74 752 293 841; x_wconf 71' lang='lat' dir='ltr'><strong>qen-mitteret</strong></span> <span class='ocrx_word' id='word_1_14' title='bbox 309 767 472 833; x_wconf 88' lang='lat' dir='ltr'><strong>meuum,</strong></span> <span class='ocrx_word' id='word_1_15' title='bbox 488 753 587 818; x_wconf 87' lang='lat' dir='ltr'><strong>alium</strong></span> <span class='ocrx_word' id='word_1_16' title='bbox 601 753 700 820; x_wconf 83' lang='lat' dir='ltr'><strong>fuisse</strong></span> <span class='ocrx_word' id='word_1_17' title='bbox 716 749 861 820; x_wconf 76' lang='lat' dir='ltr'><strong>ostendit</strong></span> <span class='ocrx_word' id='word_1_18' title='bbox 876 773 974 839; x_wconf 85' lang='lat' dir='ltr'><strong>quant</strong></span> <span class='ocrx_word' id='word_1_19' title='bbox 999 751 1056 838; x_wconf 90' lang='lat' dir='ltr'><strong>qui</strong></span> <span class='ocrx_word' id='word_1_20' title='bbox 1083 773 1159 816; x_wconf 90' lang='lat' dir='ltr'><strong>cum</strong></span> 
     </span>
     <span class='ocr_line' id='line_1_4' title="bbox 83 855 1159 945; baseline -0.002 -23"><span class='ocrx_word' id='word_1_21' title='bbox 83 859 278 945; x_wconf 85' lang='lat' dir='ltr'><strong>Pomponio</strong></span> <span class='ocrx_word' id='word_1_22' title='bbox 291 856 431 921; x_wconf 80' lang='lat' dir='ltr'><strong>vivebat.</strong></span> <span class='ocrx_word' id='word_1_23' title='bbox 458 858 577 922; x_wconf 90' lang='lat' dir='ltr'><strong>Lucius</strong></span> <span class='ocrx_word' id='word_1_24' title='bbox 595 855 871 945; x_wconf 82' lang='lat' dir='ltr'><strong>quemadmodum</strong></span> <span class='ocrx_word' id='word_1_25' title='bbox 887 857 921 921; x_wconf 91' lang='lat' dir='ltr'><strong>iu</strong></span> <span class='ocrx_word' id='word_1_26' title='bbox 937 856 1023 938; x_wconf 85' lang='lat' dir='ltr'><strong>aliis,</strong></span> <span class='ocrx_word' id='word_1_27' title='bbox 1046 857 1089 922; x_wconf 85' lang='lat' dir='ltr'><strong>ita</strong></span> <span class='ocrx_word' id='word_1_28' title='bbox 1105 856 1159 920; x_wconf 92' lang='lat' dir='ltr'><strong>hic</strong></span> 
     </span>
     <span class='ocr_line' id='line_1_5' title="bbox 85 961 1159 1050; baseline -0.003 -24"><span class='ocrx_word' id='word_1_29' title='bbox 85 963 267 1050; x_wconf 88' lang='lat' dir='ltr'><strong>Pomponii</strong></span> <span class='ocrx_word' id='word_1_30' title='bbox 280 961 445 1042; x_wconf 85' lang='lat' dir='ltr'><strong>judicium</strong></span> <span class='ocrx_word' id='word_1_31' title='bbox 455 963 605 1050; x_wconf 84' lang='lat' dir='ltr'><strong>neglexit.</strong></span> <span class='ocrx_word' id='word_1_32' title='bbox 622 961 739 1026; x_wconf 79' lang='lat' dir='ltr'><strong>Saltem</strong></span> <span class='ocrx_word' id='word_1_33' title='bbox 752 961 787 1024; x_wconf 90' lang='lat' dir='ltr'><strong>in</strong></span> <span class='ocrx_word' id='word_1_34' title='bbox 798 961 850 1026; x_wconf 89' lang='lat' dir='ltr'><strong>his</strong></span> <span class='ocrx_word' id='word_1_35' title='bbox 861 961 965 1026; x_wconf 86' lang='lat' dir='ltr'><strong>tribus</strong></span> <span class='ocrx_word' id='word_1_36' title='bbox 978 983 1159 1048; x_wconf 83' lang='lat' dir='ltr'><strong>numquam</strong></span> 
     </span>
     <span class='ocr_line' id='line_1_6' title="bbox 86 1066 1160 1156; baseline -0.003 -24"><span class='ocrx_word' id='word_1_37' title='bbox 86 1083 131 1132; x_wconf 83' lang='lat' dir='ltr'><strong>est</strong></span> <span class='ocrx_word' id='word_1_38' title='bbox 156 1085 307 1132; x_wconf 86' lang='lat' dir='ltr'><strong>secutus.</strong></span> <span class='ocrx_word' id='word_1_39' title='bbox 336 1066 450 1132; x_wconf 82' lang='lat' dir='ltr'><strong>Plures</strong></span> <span class='ocrx_word' id='word_1_40' title='bbox 469 1089 546 1132; x_wconf 85' lang='lat' dir='ltr'><strong>vero</strong></span> <span class='ocrx_word' id='word_1_41' title='bbox 566 1087 728 1156; x_wconf 84' lang='lat' dir='ltr'><strong>nusquam</strong></span> <span class='ocrx_word' id='word_1_42' title='bbox 753 1068 783 1132; x_wconf 88' lang='lat' dir='ltr'><strong>ei</strong></span> <span class='ocrx_word' id='word_1_43' title='bbox 819 1067 1018 1132; x_wconf 88' lang='lat' dir='ltr'><strong>tribuuntur.</strong></span> <span class='ocrx_word' id='word_1_44' title='bbox 1054 1067 1160 1135; x_wconf 83' lang='lat' dir='ltr'><strong>semet</strong></span> 
     </span>
     <span class='ocr_line' id='line_1_7' title="bbox 87 1170 1160 1261; baseline -0.003 -23"><span class='ocrx_word' id='word_1_45' title='bbox 87 1196 164 1238; x_wconf 82' lang='lat' dir='ltr'><strong>rem</strong></span> <span class='ocrx_word' id='word_1_46' title='bbox 182 1174 340 1238; x_wconf 74' lang='lat' dir='ltr'><strong>Mamas:</strong></span> <span class='ocrx_word' id='word_1_47' title='bbox 357 1172 392 1236; x_wconf 90' lang='lat' dir='ltr'><strong>in</strong></span> <span class='ocrx_word' id='word_1_48' title='bbox 414 1171 587 1261; x_wconf 86' lang='lat' dir='ltr'><strong>OEdipode</strong></span> <span class='ocrx_word' id='word_1_49' title='bbox 602 1172 772 1252; x_wconf 86' lang='lat' dir='ltr'><strong>nimirum,</strong></span> <span class='ocrx_word' id='word_1_50' title='bbox 788 1171 846 1236; x_wconf 92' lang='lat' dir='ltr'><strong>ubi</strong></span> <span class='ocrx_word' id='word_1_51' title='bbox 864 1171 995 1260; x_wconf 85' lang='lat' dir='ltr'><strong>plurimi</strong></span> <span class='ocrx_word' id='word_1_52' title='bbox 1013 1170 1160 1260; x_wconf 76' lang='lat' dir='ltr'><strong>dactylici</strong></span> 
     </span>
     <span class='ocr_line' id='line_1_8' title="bbox 89 1258 1200 1366; baseline 0.001 -25"><span class='ocrx_word' id='word_1_53' title='bbox 89 1281 120 1342; x_wconf 89' lang='lat' dir='ltr'><strong>in</strong></span> <span class='ocrx_word' id='word_1_54' title='bbox 135 1281 264 1360; x_wconf 84' lang='lat' dir='ltr'><strong>choro,</strong></span> <span class='ocrx_word' id='word_1_55' title='bbox 288 1280 346 1366; x_wconf 90' lang='lat' dir='ltr'><strong>qui</strong></span> <span class='ocrx_word' id='word_1_56' title='bbox 364 1300 403 1342; x_wconf 82' lang='lat' dir='ltr'><strong>ex</strong></span> <span class='ocrx_word' id='word_1_57' title='bbox 419 1279 530 1342; x_wconf 88' lang='lat' dir='ltr'><strong>meuis</strong></span> <span class='ocrx_word' id='word_1_58' title='bbox 548 1293 675 1342; x_wconf 86' lang='lat' dir='ltr'><strong>constat</strong></span> <span class='ocrx_word' id='word_1_59' title='bbox 688 1286 822 1352; x_wconf 59' lang='lat' dir='ltr'><strong>deusve,</strong></span> <span class='ocrx_word' id='word_1_60' title='bbox 838 1277 1033 1366; x_wconf 77' lang='lat' dir='ltr'><strong>junguntur.</strong></span> <span class='ocrx_word' id='word_1_61' title='bbox 1059 1277 1099 1342; x_wconf 92' lang='lat' dir='ltr'><strong>Id</strong></span> <span class='ocrx_word' id='word_1_62' title='bbox 1116 1277 1160 1346; x_wconf 87' lang='lat' dir='ltr'><strong>ita</strong></span> <span class='ocrx_word' id='word_1_63' title='bbox 1197 1258 1200 1283; x_wconf 26' lang='grc' dir='ltr'><strong>τ</strong></span> 
     </span>
     <span class='ocr_line' id='line_1_9' title="bbox 90 1382 1159 1471; baseline 0.002 -25"><span class='ocrx_word' id='word_1_64' title='bbox 90 1384 239 1448; x_wconf 78' lang='lat' dir='ltr'><strong>studiose</strong></span> <span class='ocrx_word' id='word_1_65' title='bbox 254 1384 446 1450; x_wconf 78' lang='lat' dir='ltr'><strong>Graecorum</strong></span> <span class='ocrx_word' id='word_1_66' title='bbox 461 1384 562 1448; x_wconf 90' lang='lat' dir='ltr'><strong>critici</strong></span> <span class='ocrx_word' id='word_1_67' title='bbox 581 1383 754 1464; x_wconf 87' lang='lat' dir='ltr'><strong>notabant,</strong></span> <span class='ocrx_word' id='word_1_68' title='bbox 772 1399 811 1447; x_wconf 93' lang='lat' dir='ltr'><strong>ut</strong></span> <span class='ocrx_word' id='word_1_69' title='bbox 834 1382 996 1471; x_wconf 88' lang='lat' dir='ltr'><strong>plerisque</strong></span> <span class='ocrx_word' id='word_1_70' title='bbox 1013 1383 1159 1448; x_wconf 81' lang='lat' dir='ltr'><strong>versibus</strong></span> 
     </span>
     <span class='ocr_line' id='line_1_10' title="bbox 91 1489 1159 1576; baseline 0 -24"><span class='ocrx_word' id='word_1_71' title='bbox 91 1513 156 1554; x_wconf 88' lang='lat' dir='ltr'><strong>uon</strong></span> <span class='ocrx_word' id='word_1_72' title='bbox 172 1491 218 1554; x_wconf 84' lang='lat' dir='ltr'><strong>ab</strong></span> <span class='ocrx_word' id='word_1_73' title='bbox 235 1491 423 1570; x_wconf 81' lang='lat' dir='ltr'><strong>inventore,</strong></span> <span class='ocrx_word' id='word_1_74' title='bbox 447 1489 505 1554; x_wconf 86' lang='lat' dir='ltr'><strong>sed</strong></span> <span class='ocrx_word' id='word_1_75' title='bbox 521 1489 561 1552; x_wconf 88' lang='lat' dir='ltr'><strong>ab</strong></span> <span class='ocrx_word' id='word_1_76' title='bbox 586 1512 625 1554; x_wconf 90' lang='lat' dir='ltr'><strong>eo</strong></span> <span class='ocrx_word' id='word_1_77' title='bbox 648 1489 706 1576; x_wconf 90' lang='lat' dir='ltr'><strong>qui</strong></span> <span class='ocrx_word' id='word_1_78' title='bbox 723 1490 911 1576; x_wconf 81' lang='lat' dir='ltr'><strong>frequenter</strong></span> <span class='ocrx_word' id='word_1_79' title='bbox 932 1489 970 1553; x_wconf 78' lang='lat' dir='ltr'><strong>iis</strong></span> <span class='ocrx_word' id='word_1_80' title='bbox 992 1505 1159 1571; x_wconf 84' lang='lat' dir='ltr'><strong>uteretur,</strong></span> 
     </span>
     <span class='ocr_line' id='line_1_11' title="bbox 91 1595 1158 1686; baseline 0 -26"><span class='ocrx_word' id='word_1_81' title='bbox 91 1619 214 1662; x_wconf 87' lang='lat' dir='ltr'><strong>nomen</strong></span> <span class='ocrx_word' id='word_1_82' title='bbox 227 1596 410 1686; x_wconf 83' lang='lat' dir='ltr'><strong>potuerint.</strong></span> <span class='ocrx_word' id='word_1_83' title='bbox 427 1597 477 1662; x_wconf 89' lang='lat' dir='ltr'><strong>Ita</strong></span> <span class='ocrx_word' id='word_1_84' title='bbox 492 1595 630 1676; x_wconf 87' lang='lat' dir='ltr'><strong>docent,</strong></span> <span class='ocrx_word' id='word_1_85' title='bbox 645 1595 762 1660; x_wconf 85' lang='lat' dir='ltr'><strong>Teium</strong></span> <span class='ocrx_word' id='word_1_86' title='bbox 780 1598 1035 1676; x_wconf 81' lang='lat' dir='ltr'><strong>Anacreontem,</strong></span> <span class='ocrx_word' id='word_1_87' title='bbox 1053 1618 1158 1683; x_wconf 88' lang='lat' dir='ltr'><strong>quum</strong></span> 
     </span>
     <span class='ocr_line' id='line_1_12' title="bbox 92 1701 1193 1790; baseline 0 -24"><span class='ocrx_word' id='word_1_88' title='bbox 92 1703 230 1768; x_wconf 77' lang='lat' dir='ltr'><strong>Athenis</strong></span> <span class='ocrx_word' id='word_1_89' title='bbox 259 1719 345 1768; x_wconf 83' lang='lat' dir='ltr'><strong>esset</strong></span> <span class='ocrx_word' id='word_1_90' title='bbox 371 1725 409 1766; x_wconf 85' lang='lat' dir='ltr'><strong>ac</strong></span> <span class='ocrx_word' id='word_1_91' title='bbox 435 1719 555 1768; x_wconf 87' lang='lat' dir='ltr'><strong>amaret</strong></span> <span class='ocrx_word' id='word_1_92' title='bbox 578 1701 729 1782; x_wconf 73' lang='lat' dir='ltr'><strong>critiam,</strong></span> <span class='ocrx_word' id='word_1_93' title='bbox 748 1723 855 1788; x_wconf 89' lang='lat' dir='ltr'><strong>neque</strong></span> <span class='ocrx_word' id='word_1_94' title='bbox 881 1723 996 1790; x_wconf 88' lang='lat' dir='ltr'><strong>parum</strong></span> <span class='ocrx_word' id='word_1_95' title='bbox 1021 1701 1159 1770; x_wconf 78' lang='lat' dir='ltr'><strong>lectione</strong></span> <span class='ocrx_word' id='word_1_96' title='bbox 1188 1717 1193 1734; x_wconf 92' lang='grc'><em>’</em></span> 
     </span>
     <span class='ocr_line' id='line_1_13' title="bbox 91 1807 1158 1898; baseline -0.001 -24"><span class='ocrx_word' id='word_1_97' title='bbox 91 1809 236 1898; x_wconf 66' lang='lat' dir='ltr'><strong>AEschyli</strong></span> <span class='ocrx_word' id='word_1_98' title='bbox 255 1807 485 1890; x_wconf 82' lang='lat' dir='ltr'><strong>delectaretur,</strong></span> <span class='ocrx_word' id='word_1_99' title='bbox 505 1808 756 1880; x_wconf 77' lang='lat' dir='ltr'><strong>Anacreonticos</strong></span> <span class='ocrx_word' id='word_1_100' title='bbox 772 1809 843 1887; x_wconf 84' lang='lat' dir='ltr'><strong>ejus</strong></span> <span class='ocrx_word' id='word_1_101' title='bbox 860 1808 1008 1896; x_wconf 85' lang='lat' dir='ltr'><strong>exemplo</strong></span> <span class='ocrx_word' id='word_1_102' title='bbox 1026 1809 1158 1889; x_wconf 83' lang='lat' dir='ltr'><strong>fecisse,</strong></span> 
     </span>
     <span class='ocr_line' id='line_1_14' title="bbox 91 1914 1158 2004; baseline -0.002 -24"><span class='ocrx_word' id='word_1_103' title='bbox 91 1918 145 2004; x_wconf 89' lang='lat' dir='ltr'><strong>qoi</strong></span> <span class='ocrx_word' id='word_1_104' title='bbox 162 1917 230 1980; x_wconf 91' lang='lat' dir='ltr'><strong>hoc</strong></span> <span class='ocrx_word' id='word_1_105' title='bbox 251 1937 373 1978; x_wconf 89' lang='lat' dir='ltr'><strong>nomen</strong></span> <span class='ocrx_word' id='word_1_106' title='bbox 393 1931 506 2004; x_wconf 88' lang='lat' dir='ltr'><strong>postea</strong></span> <span class='ocrx_word' id='word_1_107' title='bbox 522 1914 746 1980; x_wconf 85' lang='lat' dir='ltr'><strong>obtinuerunt.</strong></span> <span class='ocrx_word' id='word_1_108' title='bbox 770 1914 890 1979; x_wconf 84' lang='lat' dir='ltr'><strong>Lucius</strong></span> <span class='ocrx_word' id='word_1_109' title='bbox 914 1915 1061 2004; x_wconf 77' lang='lat' dir='ltr'><strong>vulgares</strong></span> <span class='ocrx_word' id='word_1_110' title='bbox 1079 1915 1158 2004; x_wconf 89' lang='lat' dir='ltr'><strong>Sap·</strong></span> 
     </span>
     <span class='ocr_line' id='line_1_15' title="bbox 91 2017 1157 2109; baseline -0.002 -23"><span class='ocrx_word' id='word_1_111' title='bbox 91 2021 205 2109; x_wconf 78' lang='lat' dir='ltr'><strong>phioos</strong></span> <span class='ocrx_word' id='word_1_112' title='bbox 221 2042 311 2084; x_wconf 85' lang='lat' dir='ltr'><strong>novo</strong></span> <span class='ocrx_word' id='word_1_113' title='bbox 323 2017 407 2108; x_wconf 89' lang='lat' dir='ltr'><strong>pede</strong></span> <span class='ocrx_word' id='word_1_114' title='bbox 422 2019 456 2081; x_wconf 90' lang='lat' dir='ltr'><strong>in</strong></span> <span class='ocrx_word' id='word_1_115' title='bbox 473 2017 617 2083; x_wconf 86' lang='lat' dir='ltr'><strong>secundo</strong></span> <span class='ocrx_word' id='word_1_116' title='bbox 634 2017 744 2107; x_wconf 80' lang='lat' dir='ltr'><strong>fregit3</strong></span> <span class='ocrx_word' id='word_1_117' title='bbox 762 2019 871 2106; x_wconf 89' lang='lat' dir='ltr'><strong>itaque</strong></span> <span class='ocrx_word' id='word_1_118' title='bbox 885 2036 1018 2108; x_wconf 83' lang='lat' dir='ltr'><strong>propter</strong></span> <span class='ocrx_word' id='word_1_119' title='bbox 1029 2035 1157 2106; x_wconf 90' lang='lat' dir='ltr'><strong>tempo·</strong></span> 
     </span>
     <span class='ocr_line' id='line_1_16' title="bbox 91 2121 1155 2212; baseline -0.001 -23"><span class='ocrx_word' id='word_1_120' title='bbox 91 2148 164 2189; x_wconf 86' lang='lat' dir='ltr'><strong>rum</strong></span> <span class='ocrx_word' id='word_1_121' title='bbox 181 2125 409 2212; x_wconf 80' lang='lat' dir='ltr'><strong>aequalitatem.</strong></span> <span class='ocrx_word' id='word_1_122' title='bbox 426 2124 533 2210; x_wconf 86' lang='lat' dir='ltr'><strong>Atque</strong></span> <span class='ocrx_word' id='word_1_123' title='bbox 546 2123 609 2186; x_wconf 91' lang='lat' dir='ltr'><strong>hoc</strong></span> <span class='ocrx_word' id='word_1_124' title='bbox 621 2121 666 2188; x_wconf 90' lang='lat' dir='ltr'><strong>illi</strong></span> <span class='ocrx_word' id='word_1_125' title='bbox 680 2123 749 2187; x_wconf 86' lang='lat' dir='ltr'><strong>fere</strong></span> <span class='ocrx_word' id='word_1_126' title='bbox 762 2140 811 2187; x_wconf 89' lang='lat' dir='ltr'><strong>est</strong></span> <span class='ocrx_word' id='word_1_127' title='bbox 823 2139 1028 2212; x_wconf 86' lang='lat' dir='ltr'><strong>perpetuum.</strong></span> <span class='ocrx_word' id='word_1_128' title='bbox 1055 2124 1155 2189; x_wconf 84' lang='lat' dir='ltr'><strong>Troa-</strong></span> 
     </span>
     <span class='ocr_line' id='line_1_17' title="bbox 91 2231 210 2312; baseline -0.017 -16"><span class='ocrx_word' id='word_1_129' title='bbox 91 2231 210 2312; x_wconf 85' lang='lat' dir='ltr'><strong>dibus,</strong></span> 
     </span>
    </p>

    <p class='ocr_par' dir='ltr' id='par_1_4' title="bbox 249 2357 757 2432">
     <span class='ocr_line' id='line_1_18' title="bbox 249 2357 757 2432; baseline -0.006 -19"><span class='ocrx_word' id='word_1_130' title='bbox 249 2363 292 2413; x_wconf 75' lang='lat' dir='ltr'><strong>An</strong></span> <span class='ocrx_word' id='word_1_131' title='bbox 303 2360 356 2413; x_wconf 81' lang='lat' dir='ltr'><strong>rub</strong></span> <span class='ocrx_word' id='word_1_132' title='bbox 368 2358 506 2412; x_wconf 83' lang='lat' dir='ltr'><strong>OEchaliit</strong></span> <span class='ocrx_word' id='word_1_133' title='bbox 517 2357 646 2412; x_wconf 77' lang='lat' dir='ltr'><strong>latebrosa</strong></span> <span class='ocrx_word' id='word_1_134' title='bbox 655 2359 757 2432; x_wconf 75' lang='lat' dir='ltr'><strong>sylvis?</strong></span> 
     </span>
    </p>

    <p class='ocr_par' dir='ltr' id='par_1_5' title="bbox 88 2499 520 2589">
     <span class='ocr_line' id='line_1_19' title="bbox 88 2499 520 2589; baseline -0.009 -25"><span class='ocrx_word' id='word_1_135' title='bbox 88 2503 172 2564; x_wconf 84' lang='lat' dir='ltr'><strong>sicut</strong></span> <span class='ocrx_word' id='word_1_136' title='bbox 190 2500 313 2589; x_wconf 84' lang='lat' dir='ltr'><strong>legitur</strong></span> <span class='ocrx_word' id='word_1_137' title='bbox 328 2500 362 2561; x_wconf 89' lang='lat' dir='ltr'><strong>in</strong></span> <span class='ocrx_word' id='word_1_138' title='bbox 381 2499 520 2588; x_wconf 87' lang='lat' dir='ltr'><strong>scriptis.</strong></span> 
     </span>
    </p>
   </div>
   <div class='ocr_carea' id='block_1_3' title="bbox 209 2608 782 2806">
    <p class='ocr_par' dir='ltr' id='par_1_6' title="bbox 209 2608 782 2806">
     <span class='ocr_line' id='line_1_20' title="bbox 209 2608 727 2716; baseline -0.004 -18"><span class='ocrx_word' id='word_1_139' title='bbox 209 2649 214 2656; x_wconf 90' lang='lat'>&#39;</span> <span class='ocrx_word' id='word_1_140' title='bbox 250 2649 292 2698; x_wconf 78' lang='lat' dir='ltr'><strong>An</strong></span> <span class='ocrx_word' id='word_1_141' title='bbox 304 2645 376 2700; x_wconf 78' lang='lat' dir='ltr'><strong>ferax</strong></span> <span class='ocrx_word' id='word_1_142' title='bbox 388 2643 457 2697; x_wconf 81' lang='lat' dir='ltr'><strong>varii</strong></span> <span class='ocrx_word' id='word_1_143' title='bbox 470 2643 564 2716; x_wconf 83' lang='lat' dir='ltr'><strong>lapidis</strong></span> <span class='ocrx_word' id='word_1_144' title='bbox 577 2608 727 2716; x_wconf 62' lang='lat' dir='ltr'><strong>Carystos?</strong></span> 
     </span>
     <span class='ocr_line' id='line_1_21' title="bbox 249 2733 782 2806; baseline -0.009 -20"><span class='ocrx_word' id='word_1_145' title='bbox 249 2733 332 2806; x_wconf 80' lang='lat' dir='ltr'><strong>Troja</strong></span> <span class='ocrx_word' id='word_1_146' title='bbox 343 2751 396 2805; x_wconf 88' lang='lat' dir='ltr'><strong>qua</strong></span> <span class='ocrx_word' id='word_1_147' title='bbox 404 2736 492 2806; x_wconf 71' lang='lat' dir='ltr'><strong>Jaceat</strong></span> <span class='ocrx_word' id='word_1_148' title='bbox 504 2733 611 2802; x_wconf 79' lang='lat' dir='ltr'><strong>regione</strong></span> <span class='ocrx_word' id='word_1_149' title='bbox 624 2743 782 2785; x_wconf 85' lang='lat' dir='ltr'><strong>monstrans.</strong></span> 
     </span>
    </p>
   </div>
   <div class='ocr_carea' id='block_1_4' title="bbox 88 2866 293 2954">
    <p class='ocr_par' dir='ltr' id='par_1_7' title="bbox 88 2866 293 2954">
     <span class='ocr_line' id='line_1_22' title="bbox 88 2866 293 2954; baseline -0.044 0"><span class='ocrx_word' id='word_1_150' title='bbox 88 2866 293 2954; x_wconf 54' lang='lat' dir='ltr'><strong>Himetto,</strong></span> 
     </span>
    </p>
   </div>
   <div class='ocr_carea' id='block_1_5' title="bbox 250 2942 820 3058">
    <p class='ocr_par' dir='ltr' id='par_1_8' title="bbox 250 2942 820 3058">
     <span class='ocr_line' id='line_1_23' title="bbox 250 2942 820 3058; baseline -0.009 -19"><span class='ocrx_word' id='word_1_151' title='bbox 250 2987 370 3058; x_wconf 63' lang='lat' dir='ltr'><strong>Quoque</strong></span> <span class='ocrx_word' id='word_1_152' title='bbox 382 2985 415 3040; x_wconf 86' lang='lat' dir='ltr'><strong>ad</strong></span> <span class='ocrx_word' id='word_1_153' title='bbox 428 2983 569 3056; x_wconf 78' lang='lat' dir='ltr'><strong>Hesperiae</strong></span> <span class='ocrx_word' id='word_1_154' title='bbox 581 2985 651 3056; x_wconf 77' lang='lat' dir='ltr'><strong>jacet</strong></span> <span class='ocrx_word' id='word_1_155' title='bbox 666 2999 712 3036; x_wconf 82' lang='lat' dir='ltr'><strong>ora</strong></span> <span class='ocrx_word' id='word_1_156' title='bbox 727 2942 820 3036; x_wconf 73' lang='lat' dir='ltr'><strong>metas.</strong></span> 
     </span>
    </p>
   </div>
   <div class='ocr_carea' id='block_1_6' title="bbox 89 3129 957 3218">
    <p class='ocr_par' dir='ltr' id='par_1_9' title="bbox 89 3129 957 3218">
     <span class='ocr_line' id='line_1_24' title="bbox 89 3129 957 3218; baseline -0.007 -19"><span class='ocrx_word' id='word_1_157' title='bbox 89 3135 188 3218; x_wconf 87' lang='lat' dir='ltr'><strong>Quod</strong></span> <span class='ocrx_word' id='word_1_158' title='bbox 205 3158 225 3198; x_wconf 87' lang='lat' dir='ltr'><strong>a</strong></span> <span class='ocrx_word' id='word_1_159' title='bbox 243 3132 481 3198; x_wconf 81' lang='lat' dir='ltr'><strong>correctoribus</strong></span> <span class='ocrx_word' id='word_1_160' title='bbox 501 3145 662 3195; x_wconf 87' lang='lat' dir='ltr'><strong>mutatum</strong></span> <span class='ocrx_word' id='word_1_161' title='bbox 679 3145 737 3193; x_wconf 86' lang='lat' dir='ltr'><strong>est.</strong></span> <span class='ocrx_word' id='word_1_162' title='bbox 754 3129 799 3192; x_wconf 89' lang='lat' dir='ltr'><strong>Ut</strong></span> <span class='ocrx_word' id='word_1_163' title='bbox 814 3145 846 3194; x_wconf 88' lang='lat' dir='ltr'><strong>et</strong></span> <span class='ocrx_word' id='word_1_164' title='bbox 861 3129 957 3207; x_wconf 87' lang='lat' dir='ltr'><strong>illud,</strong></span> 
     </span>
    </p>
   </div>
   <div class='ocr_carea' id='block_1_7' title="bbox 248 3267 723 3346">
    <p class='ocr_par' dir='ltr' id='par_1_10' title="bbox 248 3267 723 3346">
     <span class='ocr_line' id='line_1_25' title="bbox 248 3267 723 3346; baseline -0.006 -21"><span class='ocrx_word' id='word_1_165' title='bbox 248 3273 276 3326; x_wconf 90' lang='lat' dir='ltr'><strong>Si</strong></span> <span class='ocrx_word' id='word_1_166' title='bbox 290 3290 343 3346; x_wconf 82' lang='lat' dir='ltr'><strong>qua</strong></span> <span class='ocrx_word' id='word_1_167' title='bbox 358 3270 502 3326; x_wconf 68' lang='lat' dir='ltr'><strong>Parrhasia</strong></span> <span class='ocrx_word' id='word_1_168' title='bbox 512 3269 628 3340; x_wconf 78' lang='lat' dir='ltr'><strong>glacialia</strong></span> <span class='ocrx_word' id='word_1_169' title='bbox 640 3267 723 3322; x_wconf 71' lang='lat' dir='ltr'><strong>Ureu.</strong></span> 
     </span>
    </p>
   </div>
   <div class='ocr_carea' id='block_1_8' title="bbox 87 3411 218 3493">
    <p class='ocr_par' dir='ltr' id='par_1_11' title="bbox 87 3411 218 3493">
     <span class='ocr_line' id='line_1_26' title="bbox 87 3411 218 3493; baseline 0 -16"><span class='ocrx_word' id='word_1_170' title='bbox 87 3411 218 3493; x_wconf 78' lang='lat' dir='ltr'><strong>Medea,</strong></span> 
     </span>
    </p>
   </div>
   <div class='ocr_carea' id='block_1_9' title="bbox 248 3525 774 3600">
    <p class='ocr_par' dir='ltr' id='par_1_12' title="bbox 248 3525 774 3600">
     <span class='ocr_line' id='line_1_27' title="bbox 248 3525 774 3600; baseline -0.006 -15"><span class='ocrx_word' id='word_1_171' title='bbox 248 3533 362 3586; x_wconf 84' lang='lat' dir='ltr'><strong>Sumere</strong></span> <span class='ocrx_word' id='word_1_172' title='bbox 372 3531 525 3584; x_wconf 78' lang='lat' dir='ltr'><strong>innumerae</strong></span> <span class='ocrx_word' id='word_1_173' title='bbox 537 3529 643 3583; x_wconf 79' lang='lat' dir='ltr'><strong>solitum</strong></span> <span class='ocrx_word' id='word_1_174' title='bbox 653 3525 774 3600; x_wconf 58' lang='lat' dir='ltr'><strong>figuras*</strong></span> 
     </span>
    </p>
   </div>
   <div class='ocr_carea' id='block_1_10' title="bbox 85 3689 1243 4210">
    <p class='ocr_par' dir='ltr' id='par_1_13' title="bbox 85 3689 1243 4210">
     <span class='ocr_line' id='line_1_28' title="bbox 88 3689 1161 3780; baseline -0.004 -20"><span class='ocrx_word' id='word_1_175' title='bbox 88 3695 127 3760; x_wconf 86' lang='lat' dir='ltr'><strong>Et</strong></span> <span class='ocrx_word' id='word_1_176' title='bbox 136 3696 276 3760; x_wconf 82' lang='lat' dir='ltr'><strong>tortasse</strong></span> <span class='ocrx_word' id='word_1_177' title='bbox 288 3715 358 3756; x_wconf 90' lang='lat' dir='ltr'><strong>non</strong></span> <span class='ocrx_word' id='word_1_178' title='bbox 369 3693 483 3780; x_wconf 83' lang='lat' dir='ltr'><strong>pauci,</strong></span> <span class='ocrx_word' id='word_1_179' title='bbox 496 3693 553 3780; x_wconf 90' lang='lat' dir='ltr'><strong>qui</strong></span> <span class='ocrx_word' id='word_1_180' title='bbox 566 3707 644 3756; x_wconf 86' lang='lat' dir='ltr'><strong>sunt</strong></span> <span class='ocrx_word' id='word_1_181' title='bbox 660 3689 815 3779; x_wconf 85' lang='lat' dir='ltr'><strong>corrupti.</strong></span> <span class='ocrx_word' id='word_1_182' title='bbox 832 3691 905 3755; x_wconf 71' lang='lat' dir='ltr'><strong>Hoc</strong></span> <span class='ocrx_word' id='word_1_183' title='bbox 915 3690 948 3754; x_wconf 91' lang='lat' dir='ltr'><strong>in</strong></span> <span class='ocrx_word' id='word_1_184' title='bbox 966 3691 1079 3770; x_wconf 82' lang='lat' dir='ltr'><strong>Marco</strong></span> <span class='ocrx_word' id='word_1_185' title='bbox 1093 3714 1161 3758; x_wconf 86' lang='lat' dir='ltr'><strong>non</strong></span> 
     </span>
     <span class='ocr_line' id='line_1_29' title="bbox 87 3796 1158 3887; baseline -0.004 -23"><span class='ocrx_word' id='word_1_186' title='bbox 87 3800 228 3864; x_wconf 81' lang='lat' dir='ltr'><strong>invenies</strong></span> <span class='ocrx_word' id='word_1_187' title='bbox 245 3798 351 3887; x_wconf 85' lang='lat' dir='ltr'><strong>magis</strong></span> <span class='ocrx_word' id='word_1_188' title='bbox 369 3819 469 3885; x_wconf 91' lang='lat' dir='ltr'><strong>quam</strong></span> <span class='ocrx_word' id='word_1_189' title='bbox 484 3797 517 3863; x_wconf 89' lang='lat' dir='ltr'><strong>in</strong></span> <span class='ocrx_word' id='word_1_190' title='bbox 532 3796 655 3860; x_wconf 83' lang='lat' dir='ltr'><strong>Flacco.</strong></span> <span class='ocrx_word' id='word_1_191' title='bbox 675 3797 770 3859; x_wconf 88' lang='lat' dir='ltr'><strong>Unus</strong></span> <span class='ocrx_word' id='word_1_192' title='bbox 793 3809 914 3876; x_wconf 80' lang='lat' dir='ltr'><strong>exstat,</strong></span> <span class='ocrx_word' id='word_1_193' title='bbox 931 3817 1029 3882; x_wconf 89' lang='lat' dir='ltr'><strong>quem</strong></span> <span class='ocrx_word' id='word_1_194' title='bbox 1044 3819 1158 3860; x_wconf 87' lang='lat' dir='ltr'><strong>corru-</strong></span> 
     </span>
     <span class='ocr_line' id='line_1_30' title="bbox 87 3899 1243 3992; baseline -0.002 -24"><span class='ocrx_word' id='word_1_195' title='bbox 87 3922 175 3992; x_wconf 87' lang='lat' dir='ltr'><strong>ptum</strong></span> <span class='ocrx_word' id='word_1_196' title='bbox 195 3927 269 3970; x_wconf 84' lang='lat' dir='ltr'><strong>esse</strong></span> <span class='ocrx_word' id='word_1_197' title='bbox 288 3901 412 3968; x_wconf 88' lang='lat' dir='ltr'><strong>eruditi</strong></span> <span class='ocrx_word' id='word_1_198' title='bbox 430 3900 669 3967; x_wconf 85' lang='lat' dir='ltr'><strong>ostenderunt:</strong></span> <span class='ocrx_word' id='word_1_199' title='bbox 687 3899 777 3988; x_wconf 92' lang='lat' dir='ltr'><strong>quod</strong></span> <span class='ocrx_word' id='word_1_200' title='bbox 800 3915 833 3964; x_wconf 92' lang='lat' dir='ltr'><strong>et</strong></span> <span class='ocrx_word' id='word_1_201' title='bbox 856 3899 964 3988; x_wconf 88' lang='lat' dir='ltr'><strong>ipsum</strong></span> <span class='ocrx_word' id='word_1_202' title='bbox 989 3901 1062 3966; x_wconf 89' lang='lat' dir='ltr'><strong>libri</strong></span> <span class='ocrx_word' id='word_1_203' title='bbox 1082 3924 1158 3966; x_wconf 89' lang='lat' dir='ltr'><strong>cum</strong></span> <span class='ocrx_word' id='word_1_204' title='bbox 1240 3984 1243 3992; x_wconf 24' lang='grc' dir='ltr'><strong><em>Ι</em></strong></span> 
     </span>
     <span class='ocr_line' id='line_1_31' title="bbox 87 4005 1160 4093; baseline -0.004 -19"><span class='ocrx_word' id='word_1_205' title='bbox 87 4013 206 4076; x_wconf 86' lang='lat' dir='ltr'><strong>ratione</strong></span> <span class='ocrx_word' id='word_1_206' title='bbox 230 4010 412 4090; x_wconf 80' lang='lat' dir='ltr'><strong>evincunt,</strong></span> <span class='ocrx_word' id='word_1_207' title='bbox 436 4022 530 4071; x_wconf 88' lang='lat' dir='ltr'><strong>utet</strong></span> <span class='ocrx_word' id='word_1_208' title='bbox 556 4005 760 4070; x_wconf 87' lang='lat' dir='ltr'><strong>consuetudo</strong></span> <span class='ocrx_word' id='word_1_209' title='bbox 783 4020 896 4093; x_wconf 82' lang='lat' dir='ltr'><strong>poetae.</strong></span> <span class='ocrx_word' id='word_1_210' title='bbox 925 4007 968 4070; x_wconf 81' lang='lat' dir='ltr'><strong>At</strong></span> <span class='ocrx_word' id='word_1_211' title='bbox 995 4005 1160 4072; x_wconf 85' lang='lat' dir='ltr'><strong>character</strong></span> 
     </span>
     <span class='ocr_line' id='line_1_32' title="bbox 85 4112 1161 4210; baseline -0.003 -27"><span class='ocrx_word' id='word_1_212' title='bbox 85 4121 273 4210; x_wconf 86' lang='lat' dir='ltr'><strong>utriusque,</strong></span> <span class='ocrx_word' id='word_1_213' title='bbox 294 4135 333 4184; x_wconf 83' lang='lat' dir='ltr'><strong>ut</strong></span> <span class='ocrx_word' id='word_1_214' title='bbox 351 4132 388 4181; x_wconf 91' lang='lat' dir='ltr'><strong>et</strong></span> <span class='ocrx_word' id='word_1_215' title='bbox 405 4137 536 4195; x_wconf 86' lang='lat' dir='ltr'><strong>sermo,</strong></span> <span class='ocrx_word' id='word_1_216' title='bbox 561 4115 703 4178; x_wconf 88' lang='lat' dir='ltr'><strong>muitum</strong></span> <span class='ocrx_word' id='word_1_217' title='bbox 720 4112 852 4178; x_wconf 81' lang='lat' dir='ltr'><strong>distant.</strong></span> <span class='ocrx_word' id='word_1_218' title='bbox 869 4113 970 4178; x_wconf 88' lang='lat' dir='ltr'><strong>Marci</strong></span> <span class='ocrx_word' id='word_1_219' title='bbox 986 4114 1072 4179; x_wconf 89' lang='lat' dir='ltr'><strong>enim</strong></span> <span class='ocrx_word' id='word_1_220' title='bbox 1087 4115 1161 4202; x_wconf 74' lang='lat' dir='ltr'><strong>plus,</strong></span> 
     </span>
    </p>
   </div>
   <div class='ocr_carea' id='block_1_11' title="bbox 976 4215 1014 4286">
    <p class='ocr_par' dir='ltr' id='par_1_14' title="bbox 976 4215 1014 4286">
     <span class='ocr_line' id='line_1_33' title="bbox 976 4215 1014 4286; baseline 0 -24"><span class='ocrx_word' id='word_1_221' title='bbox 976 4215 1014 4286; x_wconf 71' lang='lat'><strong>[73</strong></span> 
     </span>
    </p>
   </div>
   <div class='ocr_carea' id='block_1_12' title="bbox 0 0 1555 5142">
    <p class='ocr_par' dir='ltr' id='par_1_15' title="bbox 0 0 1555 5142">
     <span class='ocr_line' id='line_1_34' title="bbox 0 0 1555 5142; baseline 0 0"><span class='ocrx_word' id='word_1_222' title='bbox 0 0 1555 5142; x_wconf 95' lang='lat' dir='ltr'><strong> </strong></span> 
     </span>
    </p>
   </div>
  </div>
 </body>
</html>
