3118 5138
373 487 489 582 cxxxij
681 492 868 560 norma
891 487 1135 560 uraniam

372 617 525 680 Florente
541 617 724 680 Christiano
741 633 774 680 et
788 618 869 680 Jano
888 617 1053 682 Bernartio
1072 640 1080 681 ε
1099 613 1156 680 sed
1173 614 1285 680 eadem
1303 613 1439 704 indigna

373 722 512 804 Seneca,
527 723 725 811 minimaque
741 722 967 812 tragoediarum
982 740 1031 787 est
1043 721 1168 804 judicio
1185 723 1249 786 Jos.
1267 721 1438 810 scaligeri,

373 827 455 892 Dan.
466 827 604 911 Heinsii,
620 828 707 892 Petri
723 829 880 892 Scriverii.
898 828 947 892 Ad
965 829 1119 893 Senecam
1135 827 1371 916 Philosophum
1386 851 1439 891 re·

373 931 539 996 ferendam
551 955 636 1010 esse,
655 955 715 997 nec
731 933 856 1018 Lipsius
872 932 1000 1014 dixerit,
1018 933 1075 1021 qui
1085 933 1285 1022 temporibus
1298 934 1437 1022 Augusti

247 1074 250 1078 ·
372 1037 534 1102 vindicare
550 1038 696 1104 malebat.
713 1039 842 1118 Nescio,
852 1040 945 1126 quale
961 1039 1139 1103 sitHenrici
1152 1038 1438 1127 Chiflelliisupple-

373 1157 511 1208 mentum
524 1144 572 1207 ad
588 1143 777 1236 Thebaidem
788 1145 932 1224 Senecae,
951 1146 1045 1210 Rom.
1063 1144 1157 1226 1625,
1168 1145 1252 1227 in·8,
1266 1145 1357 1233 quod
1370 1167 1439 1208 me·

374 1265 521 1313 moratur
538 1249 572 1312 in
591 1250 744 1338 Catalogo
761 1249 839 1313 bibl.
857 1249 1046 1315 Barberinae.

416 1417 448 1492 4.
470 1414 674 1504 Hippolytum,
693 1416 720 1480 si
736 1413 878 1478 Troadas
899 1415 1056 1502 excipias,
1076 1413 1156 1479 nulli
1175 1414 1361 1478 Latinarum
1383 1437 1437 1478 se-

371 1519 479 1584 cunda
499 1537 566 1602 est,
591 1538 624 1585 et
645 1521 880 1609 Philosophum
901 1521 1055 1585 Senecam
1076 1537 1242 1584 auctorem
1270 1521 1435 1609 agnoscit,

368 1624 477 1707 judice
491 1628 624 1691 Daniele
639 1628 783 1692 Heinsio.
803 1627 906 1691 Porro
921 1649 1049 1708 versus,
1066 1648 1164 1714 quem
1181 1649 1220 1690 ex
1235 1626 1375 1690 Pltaedra
1388 1626 1437 1713 (r)

371 1730 499 1796 Senecoe
517 1731 612 1796 affert
626 1731 808 1796 Priscianus
824 1732 908 1796 libro
919 1731 976 1814 IV,
991 1732 1024 1795 in
1041 1731 1106 1796 hoc
1122 1731 1264 1796 dramate
1283 1731 1433 1796 occurrit.

371 1837 477 1901 Etiam
500 1836 534 1900 in
555 1838 613 1902 MS
637 1839 761 1926 optimo
783 1838 991 1919 Florentino,
1014 1861 1082 1926 quo
1105 1861 1184 1902 usus
1203 1853 1252 1901 est
1276 1839 1326 1903 10.
1346 1837 1435 1902 Frid.

242 1987 246 1994 -
371 1941 575 2026 Gronovius,
590 1945 658 2008 haec
675 1944 825 2032 tragoedia
842 1945 982 2008 Phaedro
999 1945 1198 2010 inscribitur.
1213 1945 1435 2034 Comparatio·

370 2069 446 2112 nem
465 2049 551 2112 inter
562 2050 775 2138 Hippolytum
789 2051 916 2114 Senecae
933 2067 965 2114 et
981 2050 1144 2140 Euripidis
1159 2049 1260 2115 edidit
1269 2051 1318 2116 Jo.
1332 2053 1435 2116 Henr.

371 2151 529 2217 lloeclerus
545 2155 718 2242 Argentor.
735 2153 833 2235 1561,
857 2155 942 2233 inni,
966 2171 997 2218 et
1016 2171 1093 2220 tom.
1111 2157 1143 2220 11
1164 2155 1240 2222 diss.
1256 2155 1344 2222 acad.
1359 2155 1433 2222 vide

370 2273 403 2322 et
422 2259 506 2323 Sam.
528 2259 669 2324 Petitum
684 2259 740 2325 lib.
758 2260 773 2323 I
797 2261 876 2325 Obs.
893 2285 961 2350 cap.
983 2285 1020 2344 a,
1036 2263 1095 2350 qui
1110 2285 1180 2350 cap.
1204 2286 1216 2326 r
1243 2263 1433 2352 suspicatur,

297 2409 299 2414 .
368 2363 518 2430 Medeam
531 2382 564 2430 et
573 2367 787 2456 Hippolytum
800 2369 951 2432 aSeneca
967 2368 1167 2458 Philosopho
1183 2370 1216 2432 in
1236 2369 1346 2434 exsilio
1360 2371 1434 2436 scri·

310 2509 311 2516 .
369 2487 536 2560 ptasesse,
549 2487 663 2561 utpote
678 2473 713 2536 in
726 2495 794 2560 quo
810 2473 973 2538 levioribus
986 2498 1018 2538 se
1034 2475 1201 2540 oblectasse
1215 2475 1325 2540 studiis
1341 2493 1434 2542 testa-

370 2592 424 2642 tur
440 2578 474 2641 in
492 2578 653 2642 Consolat.
671 2576 712 2643 ad
728 2579 892 2661 Helviam,
908 2603 976 2667 cap.
993 2585 1024 2659 4.

414 2732 444 2797 5.
466 2733 631 2822 OEdtpus,
649 2733 859 2800 adumbratus
876 2758 915 2798 ex
933 2735 1102 2823 Sophoclis
1116 2734 1247 2824 OEdipo
1260 2735 1432 2822 Tyranno,

368 2854 500 2902 auctore
527 2839 573 2904 M.
593 2842 716 2904 Annaeo
734 2842 874 2921 Seneca,
898 2839 1086 2928 Philosophi
1101 2855 1249 2928 parente,
1272 2855 1310 2904 ut
1327 2840 1432 2905 eidem

369 2945 503 3009 Heinsio
519 2942 657 3011 ridetur.

412 3107 444 3173 6.
476 3106 632 3188 Troada,
660 3107 788 3170 Senecas
810 3105 1003 3169 tribuuntur
1025 3128 1043 3168 a
1062 3104 1224 3168 Prisciano
1248 3119 1281 3168 et
1304 3102 1433 3168 Valerio

366 3210 491 3288 Probo,
517 3209 677 3276 sedidem
693 3210 742 3274 bis
763 3210 924 3274 Hecubam
942 3225 1045 3275 vocat.
1065 3210 1226 3273 Caeterum
1242 3208 1432 3298 Philosophi

367 3339 452 3399 esse,
475 3333 508 3382 et
524 3317 687 3407 Euripidis
710 3315 852 3382 Troadas
874 3318 972 3406 longe
995 3317 1140 3400 vincere,
1168 3313 1333 3396 judicabat
1353 3316 1430 3380 olim

365 3423 527 3487 Heinsius.
539 3422 700 3489 Troadem
719 3446 889 3514 perperam
905 3423 1068 3511 appellant
1090 3422 1216 3510 Lipsius
1238 3437 1271 3486 et
1286 3422 1356 3504 alii,
1374 3423 1431 3510 qui

365 3527 461 3592 etiam
485 3526 714 3593 contemnendi
740 3544 772 3592 et
797 3528 949 3620 ignobilis
974 3526 1114 3592 auctoris
1136 3548 1205 3591 esse
1225 3527 1429 3607 existimant,

398 3747 436 3813 (r)
455 3742 570 3798 Thomas
587 3744 714 3800 Phudrus
730 3745 909 3818 eloquentiam
927 3747 1019 3800 Romu
1039 3747 1088 3800 suh
1106 3757 1253 3800 extremum
1270 3743 1360 3798 mculi
1380 3744 1430 3796 XV

364 3849 425 3886 cum
438 3847 542 3885 summa
552 3831 631 3887 laude
644 3834 791 3906 professus,
801 3834 839 3887 ita
849 3834 972 3887 ululatio
986 3851 1038 3887 suc
1050 3833 1144 3887 Cicero
1155 3834 1309 3896 haberetur,
1323 3830 1430 3885 Phudri

362 3937 511 3991 cognomen
524 3919 601 3984 tulit,
613 3921 685 3994 quod
702 3941 843 3995 personam
861 3920 978 3975 Phndm
996 3921 1023 3973 in
1042 3920 1094 3974 hoc
1109 3921 1227 3976 dramate
1240 3921 1373 3992 eleganter
1385 3939 1429 3972 re-

362 4017 550 4078 presentatur.
561 4007 624 4062 Vid.
635 4009 739 4064 Emmi
756 4009 838 4082 Epist.
856 4009 969 4074 XXIII,
990 4007 1036 4062 uhi
1056 4007 1127 4062 male
1148 4009 1241 4063 Petrus
1259 4027 1308 4080 pro
1324 4007 1428 4062 'I'honra

363 4094 519 4168 appellatus.
1463 4107 1475 4124 “
